@inproceedings{DBLP:conf/icfem/WoodcockH02,
  author    = {Jim Woodcock and
               Arthur P. Hughes},
  editor    = {Chris George and
               Huaikou Miao},
  title     = {Unifying Theories of Parallel Programming},
  booktitle = {Formal Methods and Software Engineering, 4th International Conference
               on Formal Engineering Methods, {ICFEM} 2002 Shanghai, China, October
               21-25, 2002, Proceedings},
  series    = {Lecture Notes in Computer Science},
  volume    = {2495},
  pages     = {24--37},
  publisher = {Springer},
  year      = {2002},
  url       = {http://dx.doi.org/10.1007/3-540-36103-0_5},
  doi       = {10.1007/3-540-36103-0_5},
  timestamp = {Mon, 04 Jul 2011 09:36:40 +0200},
  biburl    = {http://dblp.uni-trier.de/rec/bib/conf/icfem/WoodcockH02},
  bibsource = {dblp computer science bibliography, http://dblp.org}
}

@article{DBLP:journals/infsof/AtkinsonWN07,
  author    = {Darren C. Atkinson and
               Daniel C. Weeks and
               John Noll},
  title     = {Tool support for iterative software process modeling},
  journal   = {Information {\&} Software Technology},
  volume    = {49},
  number    = {5},
  pages     = {493--514},
  year      = {2007},
  url       = {http://dx.doi.org/10.1016/j.infsof.2006.07.006},
  doi       = {10.1016/j.infsof.2006.07.006},
  timestamp = {Mon, 14 May 2007 09:10:05 +0200},
  biburl    = {http://dblp.uni-trier.de/rec/bib/journals/infsof/AtkinsonWN07},
  bibsource = {dblp computer science bibliography, http://dblp.org}
}

@Unpublished{McB:derrti,
  author =	"Conor McBride",
  title =	"The Derivative of a Regular Type Is Its Type of
		 One-Hole Contexts",
  note = 	"Unpublished manuscript",
  month =	jan,
  year = 	"2001",
  URL =  	"http://www.dur.ac.uk/c.t.mcbride/diff.ps",
}

@Article{McBride:2008:CLM,
  author =	"Conor McBride",
  title =	"Clowns to the left of me, jokers to the right (pearl):
		 dissecting data structures",
  journal =	"ACM SIG{\-}PLAN Notices",
  volume =	"43",
  number =	"1",
  pages =	"287--295",
  month =	jan,
  year = 	"2008",
  CODEN =	"SINODQ",
  doi =  	"http://doi.acm.org/10.1145/1328438.1328474",
  ISSN = 	"0362-1340 (print), 1523-2867 (print), 1558-1160
		 (electronic)",
  issn-l =	"0362-1340",
  doi-url =	"http://dx.doi.org/10.1145/1328438.1328474",
}

@Article{JFP::Huet1997,
  title =	"The {Zipper}",
  author =	"G{\'e}rard Huet",
  pages =	"549--554",
  journal =	"Journal of Functional Programming",
  month =	sep,
  year = 	"1997",
  volume =	"7",
  number =	"5",
  note = 	"Functional Pearl",
}

@MISC{HC:Marlow:08,
  author =       {Simon Marlow},
  title =        {{[Haskell-cafe] Re:} {C}an you do everything without shared-memory concurrency?},
  howpublished = {https://mail.haskell.org/pipermail/haskell-cafe/2008-September/047312.html},
  year =         {2008},
  month =        {Sep},
  note =         {viewed 2015-10-14}
}

@MISC{HW:ParVsConc:14,
  author =       {Lemming},
  title =        {{P}arallelism vs. {C}oncurrency},
  howpublished = {https://wiki.haskell.org/Parallelism\_vs.\_Concurrency},
  year =         {2014},
  month =        {Mar},
  note =         {Date as per most recent edit, viewed 2015-10-14},
}

@MISC{GHCM:Marlow:09,
  author =       {Simon Marlow},
  title =        {Parallelism /= {C}oncurrency},
  howpublished = {https://ghcmutterings.wordpress.com/2009/10/06/parallelism-concurrency/},
  year =         {2009},
  month =        {Oct},
  note =         {viewed 2015-10-14},
}

@MISC{wiki:conc-comp,
  author =       {Wikipedia},
  title =        {Concurrent computing},
  howpublished = {https://en.wikipedia.org/wiki/Concurrent\_computing},
  year =         {2015},
  month =        {Oct},
  note =         {viewed 2015-10-14},
}

@MISC{wiki:par-comp,
  author =       {Wikipedia},
  title =        {Parallel computing},
  howpublished = {https://en.wikipedia.org/wiki/Parallel\_computing},
  year =         {2015},
  month =        {Oct},
  note =         {viewed 2015-10-14},
}

@MISC{blog:Harper:11,
  author =       {Robert Harper},
  title =        {Paralleism is not {C}oncurrency},
  howpublished = {https://existentialtype.wordpress.com/2011/03/17/parallelism-is-not-concurrency/},
  year =         {2011},
  month =        {Mar},
  note =         {viewed 2015-10-14},
}

@InProceedings{conf/popl/Dinsdale-YoungBGPY13,
  title =	"Views: compositional reasoning for concurrent
		 programs",
  author =	"Thomas Dinsdale-Young and Lars Birkedal and Philippa
		 Gardner and Matthew J. Parkinson and Hongseok Yang",
  booktitle =	"The 40th Annual {ACM} {SIGPLAN}-{SIGACT} Symposium on
		 Principles of Programming Languages, {POPL} '13, Rome,
		 Italy - January 23 - 25, 2013",
  publisher =	"ACM",
  year = 	"2013",
  editor =	"Roberto Giacobazzi and Radhia Cousot",
  ISBN = 	"978-1-4503-1832-7",
  pages =	"287--300",
}

@InProceedings{conf/lics/CalcagnoOY07,
  title =	"Local Action and Abstract Separation Logic",
  author =	"Cristiano Calcagno and Peter W. O'Hearn and Hongseok
		 Yang",
  publisher =	"IEEE Computer Society",
  year = 	"2007",
  bibdate =	"2014-11-21",
  bibsource =	"DBLP,
		 http://dblp.uni-trier.de/db/conf/lics/lics2007.html#CalcagnoOY07",
  crossref =	"conf/lics/2007",
  ISBN = 	"0-7695-2908-9",
  pages =	"366--378",
}

@proceedings{conf/lics/2007,
  title     = {22nd {IEEE} Symposium on Logic in Computer Science {(LICS} 2007),
               10-12 July 2007, Wroclaw, Poland, Proceedings},
  publisher = {{IEEE} Computer Society},
  year      = {2007},
  url       = {http://ieeexplore.ieee.org/xpl/mostRecentIssue.jsp?punumber=4276538},
  isbn      = {0-7695-2908-9},
  timestamp = {Fri, 21 Nov 2014 14:08:55 +0100},
  biburl    = {http://dblp.uni-trier.de/rec/bib/conf/lics/2007},
  bibsource = {dblp computer science bibliography, http://dblp.org}
}

@Article{Jones83,
  author =	"Cliff B. Jones",
  title =	"Tentative Steps Toward a Development Method for
		 Interfering Programs",
  journal =	"TOPLAS",
  volume =	"5",
  number =	"4",
  year = 	"1983",
  pages =	"596--619",
}

@Article{Owicki76,
  author =	"Susan Owicki and David Gries",
  title =	"An Axiomatic Proof Technique for Parallel Programs",
  journal =	"Acta Informatica",
  volume =	"6",
  number =	"4",
  pages =	"319--340",
  year = 	"1976",
}

@Article{journals/fuin/AhmedFM07,
  title =	"{L}$^3$: {A} Linear Language with Locations",
  author =	"Amal Ahmed and Matthew Fluet and Greg Morrisett",
  journal =	"Fundam. Inform",
  year = 	"2007",
  number =	"4",
  volume =	"77",
  bibdate =	"2015-05-18",
  bibsource =	"DBLP,
		 http://dblp.uni-trier.de/db/journals/fuin/fuin77.html#AhmedFM07",
  pages =	"397--449",
}

@Article{tal-toplas,
  author =	"Greg Morrisett and David Walker and Karl Crary and
		 Neal Glew",
  title =	"From {System-F} to Typed Assembly Language",
  journal =	"ACM Transactions on Programming Languages and
		 Systems",
  volume =	"21",
  number =	"3",
  pages =	"527--568",
  month =	may,
  year = 	"1999",
}

@InProceedings{Smit00b,
  address =	"London, UK",
  author =	"Frederick Smith and David Walker and J. Gregory
		 Morrisett",
  booktitle =	"ESOP '00: Proceedings of the 9th European Symposium on
		 Programming Languages and Systems",
  ISBN = 	"3-540-67262-1",
  keywords =	"nonstandard types",
  pages =	"366--381",
  publisher =	"Springer-Verlag",
  title =	"Alias Types",
  year = 	"2000",
}

@inproceedings{DBLP:conf/utp/FosterZW14,
  author    = {Simon Foster and
               Frank Zeyda and
               Jim Woodcock},
  title     = {Isabelle/{UTP}: {A} Mechanised Theory Engineering Framework},
  booktitle = {Unifying Theories of Programming - 5th International Symposium, {UTP}
               2014, Singapore, May 13, 2014, Revised Selected Papers},
  pages     = {21--41},
  year      = {2014},
  crossref  = {DBLP:conf/utp/2014},
  url       = {http://dx.doi.org/10.1007/978-3-319-14806-9_2},
  doi       = {10.1007/978-3-319-14806-9_2},
  timestamp = {Wed, 07 Jan 2015 14:37:15 +0100},
  biburl    = {http://dblp.uni-trier.de/rec/bib/conf/utp/FosterZW14},
  bibsource = {dblp computer science bibliography, http://dblp.org}
}

@proceedings{DBLP:conf/utp/2014,
  editor    = {David Naumann},
  title     = {Unifying Theories of Programming - 5th International Symposium, {UTP}
               2014, Singapore, May 13, 2014, Revised Selected Papers},
  series    = {Lecture Notes in Computer Science},
  volume    = {8963},
  publisher = {Springer},
  year      = {2015},
  url       = {http://dx.doi.org/10.1007/978-3-319-14806-9},
  doi       = {10.1007/978-3-319-14806-9},
  isbn      = {978-3-319-14805-2},
  timestamp = {Wed, 07 Jan 2015 14:36:19 +0100},
  biburl    = {http://dblp.uni-trier.de/rec/bib/conf/utp/2014},
  bibsource = {dblp computer science bibliography, http://dblp.org}
}

@inproceedings{DBLP:conf/utp/ZhuSHQ12,
  author    = {Huibiao Zhu and
               Jeff W. Sanders and
               Jifeng He and
               Shengchao Qin},
  title     = {Denotational Semantics for a Probabilistic Timed Shared-Variable Language},
  booktitle = {Unifying Theories of Programming, 4th International Symposium, {UTP}
               2012, Paris, France, August 27-28, 2012, Revised Selected Papers},
  pages     = {224--247},
  year      = {2012},
  crossref  = {DBLP:conf/utp/2012},
  url       = {http://dx.doi.org/10.1007/978-3-642-35705-3_11},
  doi       = {10.1007/978-3-642-35705-3_11},
  timestamp = {Wed, 30 Jan 2013 16:08:33 +0100},
  biburl    = {http://dblp.uni-trier.de/rec/bib/conf/utp/ZhuSHQ12},
  bibsource = {dblp computer science bibliography, http://dblp.org}
}

@proceedings{DBLP:conf/utp/2012,
  editor    = {Burkhart Wolff and
               Marie{-}Claude Gaudel and
               Abderrahmane Feliachi},
  title     = {Unifying Theories of Programming, 4th International Symposium, {UTP}
               2012, Paris, France, August 27-28, 2012, Revised Selected Papers},
  series    = {Lecture Notes in Computer Science},
  volume    = {7681},
  publisher = {Springer},
  year      = {2013},
  url       = {http://dx.doi.org/10.1007/978-3-642-35705-3},
  doi       = {10.1007/978-3-642-35705-3},
  isbn      = {978-3-642-35704-6},
  timestamp = {Wed, 30 Jan 2013 16:05:05 +0100},
  biburl    = {http://dblp.uni-trier.de/rec/bib/conf/utp/2012},
  bibsource = {dblp computer science bibliography, http://dblp.org}
}

@inproceedings{DBLP:conf/utp/ChenYD10,
  author    = {Xin Chen and
               Nan Ye and
               Wenxu Ding},
  title     = {A Formal Approach to Analyzing Interference Problems in Aspect-Oriented
               Designs},
  booktitle = {Unifying Theories of Programming - Third International Symposium,
               {UTP} 2010, Shanghai, China, November 15-16, 2010. Proceedings},
  pages     = {157--171},
  year      = {2010},
  crossref  = {DBLP:conf/utp/2010},
  url       = {http://dx.doi.org/10.1007/978-3-642-16690-7_7},
  doi       = {10.1007/978-3-642-16690-7_7},
  timestamp = {Sat, 20 Nov 2010 20:43:20 +0100},
  biburl    = {http://dblp.uni-trier.de/rec/bib/conf/utp/ChenYD10},
  bibsource = {dblp computer science bibliography, http://dblp.org}
}


@proceedings{DBLP:conf/utp/2010,
  editor    = {Shengchao Qin},
  title     = {Unifying Theories of Programming - Third International Symposium,
               {UTP} 2010, Shanghai, China, November 15-16, 2010. Proceedings},
  series    = {Lecture Notes in Computer Science},
  volume    = {6445},
  publisher = {Springer},
  year      = {2010},
  url       = {http://dx.doi.org/10.1007/978-3-642-16690-7},
  doi       = {10.1007/978-3-642-16690-7},
  isbn      = {978-3-642-16689-1},
  timestamp = {Sat, 20 Nov 2010 20:39:07 +0100},
  biburl    = {http://dblp.uni-trier.de/rec/bib/conf/utp/2010},
  bibsource = {dblp computer science bibliography, http://dblp.org}
}

@inproceedings{DBLP:conf/utp/ZhaoWZ10,
  author    = {Yongxin Zhao and
               Xu Wang and
               Huibiao Zhu},
  title     = {Towards a Pomset Semantics for a Shared-Variable Parallel Language},
  booktitle = {Unifying Theories of Programming - Third International Symposium,
               {UTP} 2010, Shanghai, China, November 15-16, 2010. Proceedings},
  pages     = {271--285},
  year      = {2010},
  crossref  = {DBLP:conf/utp/2010},
  url       = {http://dx.doi.org/10.1007/978-3-642-16690-7_14},
  doi       = {10.1007/978-3-642-16690-7_14},
  timestamp = {Sat, 20 Nov 2010 20:43:20 +0100},
  biburl    = {http://dblp.uni-trier.de/rec/bib/conf/utp/ZhaoWZ10},
  bibsource = {dblp computer science bibliography, http://dblp.org}
}

@proceedings{DBLP:conf/utp/2010,
  editor    = {Shengchao Qin},
  title     = {Unifying Theories of Programming - Third International Symposium,
               {UTP} 2010, Shanghai, China, November 15-16, 2010. Proceedings},
  series    = {Lecture Notes in Computer Science},
  volume    = {6445},
  publisher = {Springer},
  year      = {2010},
  url       = {http://dx.doi.org/10.1007/978-3-642-16690-7},
  doi       = {10.1007/978-3-642-16690-7},
  isbn      = {978-3-642-16689-1},
  timestamp = {Sat, 20 Nov 2010 20:39:07 +0100},
  biburl    = {http://dblp.uni-trier.de/rec/bib/conf/utp/2010},
  bibsource = {dblp computer science bibliography, http://dblp.org}
}

@InProceedings{conf/esop/Rudiak-GouldMJ06,
  title =	"Haskell Is Not Not {ML}",
  author =	"Ben Rudiak-Gould and Alan Mycroft and Simon L. Peyton
		 Jones",
  bibdate =	"2006-12-06",
  bibsource =	"DBLP,
		 http://dblp.uni-trier.de/db/conf/esop/esop2006.html#Rudiak-GouldMJ06",
  booktitle =	"ESOP",
  booktitle =	"Programming Languages and Systems, 15th European
		 Symposium on Programming, {ESOP} 2006, Held as Part of
		 the Joint European Conferences on Theory and Practice
		 of Software, {ETAPS} 2006, Vienna, Austria, March
		 27-28, 2006, Proceedings",
  publisher =	"Springer",
  year = 	"2006",
  volume =	"3924",
  editor =	"Peter Sestoft",
  ISBN = 	"3-540-33095-X",
  pages =	"38--53",
  series =	"Lecture Notes in Computer Science",
  URL =  	"http://dx.doi.org/10.1007/11693024",
}


@Book{Bird14,
  author =	"R. Bird",
  title =	"Thinking Functionally with Haskell",
  pages =	"354",
  publisher =	"Cambridge Univ. Press",
  month =	dec,
  year = 	"2014",
  keywords =	"book, text, c2014, c201x, c20xx, zz0315, FP,
		 functional, programming, Haskell, computer, L1Ref,
		 L2Ref",
  abstract =	"{"}... enables students to apply calculational
		 reasoning to their programs, both to understand their
		 properties and to make them more efficient. The book
		 has been designed to fit a first- or second-year
		 undergraduate course and is a thorough overhaul and
		 replacement of his earlier textbooks. It features case
		 studies in Sudoku and pretty-printing, and over 100
		 carefully selected exercises with solutions. ...{"} 1st
		 ed 2014; pb us\$44;
		 http://www.amazon.com/gp/product/1107452643/?tag=fourwheeldrivein
		 ; . 2017(?!) hb us\$86;
		 http://www.amazon.com/gp/product/1107087201/?tag=fourwheeldrivein
		 ; . [Also search for: FP Haskell book].",
}

@BOOK{Haskell2010,
  editor =       {Simon Marlow},
  title =        {Haskell 2010 {L}anguage {R}eport},
  publisher =  {Haskell Community},
  year =         {2010},
  note =         {\url{https://www.haskell.org/definition/haskell2010.pdf}}
}

@INPROCEEDINGS{conf/tase/BMN16,
  author =       {Andrew Butterfield and Anila Mjeda and John Noll},
  title =        {{UTP Semantics for Shared-State, Concurrent, Context-Sensitive Process Models}},
  booktitle =    {TASE 2016 10th International Symposium on
                    Theoretical Aspects of Software Engineering},
  year =         {2016},
  month =        jul,
  pages = {93--100},
  editor =       {Marcello Bonsangue and Yuxin Deng},
  publisher =    {IEEE},
  doi = {10.1109/TASE.2016.22}
}

@inproceedings{DBLP:conf/utp/Butterfield10,
  author    = {Andrew Butterfield},
  title     = {Saoith{\'{\i}}n: {A} Theorem Prover for {UTP}},
  booktitle = {Unifying Theories of Programming - Third International Symposium,
               {UTP} 2010, Shanghai, China, November 15-16, 2010. Proceedings},
  pages     = {137--156},
  year      = {2010},
  url       = {http://dx.doi.org/10.1007/978-3-642-16690-7_6},
  doi       = {10.1007/978-3-642-16690-7_6},
  timestamp = {Sat, 20 Nov 2010 20:43:20 +0100},
  biburl    = {http://dblp.uni-trier.de/rec/bib/conf/utp/Butterfield10},
  bibsource = {dblp computer science bibliography, http://dblp.org}
}

@inproceedings{DBLP:conf/utp/Butterfield12,
  author    = {Andrew Butterfield},
  title     = {The Logic of \emph{U} {\(\cdot\)}(\emph{TP})\({}^{\mbox{2}}\)},
  booktitle = {Unifying Theories of Programming, 4th International Symposium, {UTP}
               2012, Paris, France, August 27-28, 2012, Revised Selected Papers},
  pages     = {124--143},
  year      = {2012},
  url       = {http://dx.doi.org/10.1007/978-3-642-35705-3_6},
  doi       = {10.1007/978-3-642-35705-3_6},
  timestamp = {Wed, 30 Jan 2013 16:08:33 +0100},
  biburl    = {http://dblp.uni-trier.de/rec/bib/conf/utp/Butterfield12},
  bibsource = {dblp computer science bibliography, http://dblp.org}
}


@proceedings{DBLP:conf/utp/2012,
  editor    = {Burkhart Wolff and
               Marie{-}Claude Gaudel and
               Abderrahmane Feliachi},
  title     = {Unifying Theories of Programming, 4th International Symposium, {UTP}
               2012, Paris, France, August 27-28, 2012, Revised Selected Papers},
  series    = {Lecture Notes in Computer Science},
  volume    = {7681},
  publisher = {Springer},
  year      = {2013},
  url       = {http://dx.doi.org/10.1007/978-3-642-35705-3},
  doi       = {10.1007/978-3-642-35705-3},
  isbn      = {978-3-642-35704-6},
  timestamp = {Wed, 30 Jan 2013 16:05:05 +0100},
  biburl    = {http://dblp.uni-trier.de/rec/bib/conf/utp/2012},
  bibsource = {dblp computer science bibliography, http://dblp.org}
}
@Misc{Beck01b,
  key =  	"AgileManifesto",
  note = 	"http://agilemanifesto.org",
  title =	"Manifesto for Agile Software Development",
}

@Article{Fowl01a,
  author =	"Martin Fowler and Jim Highsmith",
  journal =	"Software Development Magazine",
  month =	aug,
  note = 	"http://agilemanifesto.org",
  title =	"The {Agile} {Manifesto}",
  volume =	"9(8)",
  year = 	"2001",
}

@Article{Gibbons:2014:FDS,
  author =	"Jeremy Gibbons and Nicolas Wu",
  title =	"Folding domain-specific languages: deep and shallow
		 embeddings (functional Pearl)",
  journal =	"ACM SIG{\-}PLAN Notices",
  volume =	"49",
  number =	"9",
  pages =	"339--347",
  month =	sep,
  year = 	"2014",
  CODEN =	"SINODQ",
  doi =  	"http://dx.doi.org/10.1145/2692915.2628138",
  ISSN = 	"0362-1340 (print), 1523-2867 (print), 1558-1160
		 (electronic)",
  issn-l =	"0362-1340",
  bibdate =	"Tue May 12 17:41:21 MDT 2015",
  bibsource =	"http://www.math.utah.edu/pub/tex/bib/sigplan2010.bib",
  abstract =	"A domain-specific language can be implemented by
		 embedding within a general-purpose host language. This
		 embedding may be deep or shallow, depending on whether
		 terms in the language construct syntactic or semantic
		 representations. The deep and shallow styles are
		 closely related, and intimately connected to folds; in
		 this paper, we explore that connection.",
  acknowledgement = "Nelson H. F. Beebe, University of Utah, Department
		 of Mathematics, 110 LCB, 155 S 1400 E RM 233, Salt Lake
		 City, UT 84112-0090, USA, Tel: +1 801 581 5254, FAX: +1
		 801 581 4148, e-mail: \path|beebe@math.utah.edu|,
		 \path|beebe@acm.org|, \path|beebe@computer.org|
		 (Internet), URL:
		 \path|http://www.math.utah.edu/~beebe/|",
  fjournal =	"ACM SIGPLAN Notices",
  journal-url =  "http://portal.acm.org/browse_dl.cfm?idx=J706",
  remark =	"ICFP '14 conference proceedings.",
  doi-url =	"http://dx.doi.org/10.1145/2692915.2628138",
}

@article{Feather:1982:SAP:357153.357154,
 author = {Feather, Martin S.},
 title = {A System for Assisting Program Transformation},
 journal = {ACM Trans. Program. Lang. Syst.},
 issue_date = {Jan. 1982},
 volume = {4},
 number = {1},
 month = jan,
 year = {1982},
 issn = {0164-0925},
 pages = {1--20},
 numpages = {20},
 url = {http://doi.acm.org/10.1145/357153.357154},
 doi = {10.1145/357153.357154},
 acmid = {357154},
 publisher = {ACM},
 address = {New York, NY, USA},
}

@INPROCEEDINGS{Smith91,
    author = {Douglas R. Smith},
    title = {{KIDS} - {A Knowledge-Based Software Development System}},
    booktitle = {Automating Software Design},
    year = {1990},
    pages = {483--514},
    publisher = {MIT Press}
}

@InProceedings{conf/amast/BergstraK96,
  title =	"The Discrete Time {TOOLBUS}",
  author =	"Jan A. Bergstra and Paul Klint",
  bibdate =	"2011-06-24",
  bibsource =	"DBLP,
		 http://dblp.uni-trier.de/db/conf/amast/amast96.html#BergstraK96",
  booktitle =	"AMAST",
  booktitle =	"Algebraic Methodology and Software Technology, 5th
		 International Conference, {AMAST} '96, Munich, Germany,
		 July 1-5, 1996, Proceedings",
  publisher =	"Springer",
  year = 	"1996",
  volume =	"1101",
  editor =	"Martin Wirsing and Maurice Nivat",
  ISBN = 	"3-540-61463-X",
  pages =	"286--305",
  series =	"Lecture Notes in Computer Science",
  URL =  	"http://dx.doi.org/10.1007/BFb0014323",
}


@Article{VanDenBrand:2002:CLD,
  author =	"M. G. J. {Van Den Brand} and J. Heering and P. Klint
		 and P. A. Olivier",
  title =	"Compiling language definitions: the {ASF+SDF}
		 compiler",
  journal =	"ACM Transactions on Programming Languages and
		 Systems",
  volume =	"24",
  number =	"4",
  pages =	"334--368",
  month =	jul,
  year = 	"2002",
  CODEN =	"ATPSDT",
  ISSN = 	"0164-0925 (print), 1558-4593 (electronic)",
  issn-l =	"0164-0925",
  bibdate =	"Wed Apr 9 18:34:45 MDT 2003",
  bibsource =	"http://www.acm.org/pubs/contents/journals/toplas/;
		 http://www.math.utah.edu/pub/tex/bib/toplas.bib",
  acknowledgement = "Nelson H. F. Beebe, University of Utah, Department
		 of Mathematics, 110 LCB, 155 S 1400 E RM 233, Salt Lake
		 City, UT 84112-0090, USA, Tel: +1 801 581 5254, FAX: +1
		 801 581 4148, e-mail: \path|beebe@math.utah.edu|,
		 \path|beebe@acm.org|, \path|beebe@computer.org|
		 (Internet), URL:
		 \path|http://www.math.utah.edu/~beebe/|",
  fjournal =	"ACM Transactions on Programming Languages and
		 Systems",
  journal-url =  "http://portal.acm.org/browse_dl.cfm?idx=J783",
}


@InProceedings{conf/rta/Visser01,
  title =	"Stratego: {A} Language for Program Transformation
		 Based on Rewriting Strategies",
  author =	"Eelco Visser",
  bibdate =	"2009-09-23",
  bibsource =	"DBLP,
		 http://dblp.uni-trier.de/db/conf/rta/rta2001.html#Visser01",
  booktitle =	"Rewriting Techniques and Applications, 12th
		 International Conference, {RTA} 2001, Utrecht, The
		 Netherlands, May 22-24, 2001, Proceedings",
  publisher =	"Springer",
  year = 	"2001",
  volume =	"2051",
  editor =	"Aart Middeldorp",
  ISBN = 	"3-540-42117-3",
  pages =	"357--362",
  series =	"Lecture Notes in Computer Science",
  URL =  	"http://dx.doi.org/10.1007/3-540-45127-7_27",
}

@book{DBLP:books/sp/BauerEH87,
  author    = {Friedrich L. Bauer and
               Herbert Ehler and
               A. Horsch and
               Bernhard M{\"{o}}ller and
               Helmuth Partsch and
               O. Paukner and
               Peter Pepper},
  title     = {The Munich Project CIP, Volume {II:} The Program Transformation System
               {CIP-S}},
  series    = {Lecture Notes in Computer Science},
  volume    = {292},
  publisher = {Springer},
  year      = {1987},
  url       = {http://dx.doi.org/10.1007/3-540-18779-0},
  doi       = {10.1007/3-540-18779-0},
  isbn      = {3-540-18779-0},
  timestamp = {Fri, 24 Jun 2011 20:39:24 +0200},
  biburl    = {http://dblp.uni-trier.de/rec/bib/books/sp/BauerEH87},
  bibsource = {dblp computer science bibliography, http://dblp.org}
}

@Article{journals/jfp/CaretteKS09,
  title =	"Finally tagless, partially evaluated: Tagless staged
		 interpreters for simpler typed languages",
  author =	"Jacques Carette and Oleg Kiselyov and Chung-chieh
		 Shan",
  journal =	"J. Funct. Program",
  year = 	"2009",
  number =	"5",
  volume =	"19",
  bibdate =	"2009-12-21",
  bibsource =	"DBLP,
		 http://dblp.uni-trier.de/db/journals/jfp/jfp19.html#CaretteKS09",
  pages =	"509--543",
  URL =  	"http://dx.doi.org/10.1017/S0956796809007205",
}

@InProceedings{conf/gttse/WinterB06,
  title =	"Program Transformation Using {HATS} 1.84",
  author =	"Victor L. Winter and Jason Beranek",
  publisher =	"Springer",
  year = 	"2005",
  volume =	"4143",
  bibdate =	"2011-06-14",
  bibsource =	"DBLP,
		 http://dblp.uni-trier.de/db/conf/gttse/gttse2006.html#WinterB06",
  booktitle =	"GTTSE",
  editor =	"Ralf L{\"a}mmel and Jo{\~a}o Saraiva and Joost
		 Visser",
  ISBN = 	"3-540-45778-X",
  pages =	"378--396",
  series =	"Lecture Notes in Computer Science",
  URL =  	"http://dx.doi.org/10.1007/11877028_15",
}

@InCollection{HughesJohn1995c,
  author =	"John Hughes",
  booktitle =	"Advanced Functional Programming",
  editor =	"J. Jeuring and E. Meijer",
  publisher =	"Springer Verlag",
  title =	"The Design of a Pretty-printing Library",
  year = 	"1995",
  abstract-url = "http://www.cs.chalmers.se/~rjmh/Papers/pretty.html",
  URL =  	"http://www.cs.chalmers.se/~rjmh/Papers/pretty.ps",
  keywords =	"pretty-printing combinators formal methods lazy
		 evaluation",
  series =	"LNCS",
  volume =	"925",
  scope =	"appl",
}


@INCOLLECTION{wadler-pp,
  author =       {Philip Wadler},
  title =        {A prettier printer},
  chapter =      {11},
  pages =        {223-244},
  editor =	"J. Gibbons and O. de Moor",
  booktitle =	"The Fun of Programming (Cornerstones of Computing)",
  publisher =	"Palgrave - Macmillan",
  month =	mar,
  year = 	"2003",
}

% This file was created with JabRef 2.3.1.
% Encoding: Cp1252

@INPROCEEDINGS{wkshp/mpf/arthan:96,
  author = {R. D. Arthan},
  title = {Undefinedness in {Z}: Issues for specification and proof},
  booktitle = {Proc.\ Mechanization of Partial Functions Workshop, affiliated to
	CADE-13, New Brunswick},
  year = {1996},
  editor = {William Farmer and Manfred Kerber and Michael Kohlhase},
  pages = {3--12},
  file = {:C\:\\Documents and Settings\\butrfeld\\My Documents\\Library\\Catalogued\\Arthan-undefined-Z-MPFW06.pdf:PDF},
  owner = {butrfeld},
  timestamp = {2010.07.21},
  url = {ftp://ftp.cs.bham.ac.uk/pub/authors/M.Kerber/96-CADE-WS/Arthan.ps.gz}
}

@INPROCEEDINGS{conf/tacas/Aspinall00,
  author = {David Aspinall},
  title = {Proof General: {A} Generic Tool for Proof Development},
  booktitle = {TACAS},
  year = {2000},
  editor = {Susanne Graf and Michael I. Schwartzbach},
  volume = {1785},
  series = {LNCS},
  pages = {38--42},
  publisher = {Springer},
  bibdate = {2002-01-03},
  bibsource = {DBLP, http://dblp.uni-trier.de/db/conf/tacas/tacas2000.html#Aspinall00},
  isbn = {3-540-67282-6},
  owner = {butrfeld},
  timestamp = {2010.07.21},
  url = {http://link.springer.de/link/service/series/0558/bibs/1785/17850038.htm}
}

@INPROCEEDINGS{wkshp/IWU/BL98,
  author = {F. Baader and M. Leucker},
  title = {Comparison of two Semantic Approaches to Unification},
  booktitle = {Proceedings of the 12th International Workshop on Unification},
  year = {1998},
  number = {SI-98/8},
  series = {Research Report},
  address = {Universita di Roma, La Sapienza},
  month = jun,
  file = {:C\:\\Documents and Settings\\butrfeld\\My Documents\\Library\\Catalogued\\Baader-Leucker-sem-unify-WU98.pdf:PDF},
  owner = {butrfeld},
  timestamp = {2010.08.19},
  url = {http://www-i2.informatik.rwth-aachen.de/leucker/Literatur/Ps_files/leucker_baader__unif98.ps.gz}
}

@BOOK{bk:Coq'Art:04,
  title = {Interactive theorem proving and program development: {Coq'Art}: the
	calculus of inductive constructions},
  publisher = {Springer Verlag},
  year = {2004},
  author = {Yves Bertot and P. (Pierre) Cast{\'e}ran},
  pages = {469},
  series = {Texts in theoretical computer science},
  isbn = {3-540-20854-2 (hardcover)},
  owner = {butrfeld},
  timestamp = {2010.07.21}
}

@INPROCEEDINGS{conf/tacs/BertotKT94,
  author = {Yves Bertot and Gilles Kahn and Laurent Th{\'e}ry},
  title = {Proof by Pointing},
  booktitle = {Theoretical Aspects of Computer Software, International Conference
	{TACS} '94, Sendai, Japan, April 19-22, 1994, Proceedings},
  year = {1994},
  editor = {Masami Hagiya and John C. Mitchell},
  volume = {789},
  series = {LNCS},
  pages = {141--160},
  publisher = {Springer},
  isbn = {3-540-57887-0},
  owner = {butrfeld},
  timestamp = {2010.07.21}
}

@INBOOK{Blamey86,
  chapter = {Partial Logic},
  pages = {1--70},
  title = {Handbook of Philosophical Logic},
  publisher = {Kluwer Academic},
  year = {1986},
  editor = {D. Gabbay and F. Guenthner},
  author = {Stephen Blamey},
  volume = {III}
}

@MISC{MB:afccar:07,
  author = {Matthew Brecknell},
  title = {Automatic file closing after readFile},
  howpublished = {Haskell Google-Group},
  month = {Oct},
  year = {2007},
  url = {http://groups.google.co.id/group/fa.haskell/browse_thread/thread/13b35fceacdee26f}
}

@INCOLLECTION{CMR99,
  author = {Maura Cerioli and Till Mossakowski and Horst Reichel},
  title = {From Total Equational to Partial First-Order Logic},
  booktitle = {Algebraic Foundations of Systems Specification},
  publisher = {Springer},
  year = {1999},
  editor = {E. Astesiano and H.-J. Kreowski and B. Krieg-Br{\"u}ckner},
  series = {IFIP State-of-the-Art Reports},
  chapter = {3}
}

@TECHREPORT{BB:concrete:Z:95,
  author = {A Concrete and Z Grammar and Peter T. Breuer and Jonathan P. Bowen},
  title = {A Concrete {Z} Grammar},
  institution = {Programming Research Group, University of Oxford},
  year = {1995},
  type = {Technical Report},
  number = {TR-22-95},
  url = {http://citeseer.ist.psu.edu/381916.html; ftp://ftp.comlab.ox.ac.uk/pub/Documents/techreports/TR-22-95.ps}
}

@ARTICLE{Farmer90,
  author = {William M. Farmer},
  title = {A Partial Functions Version of {Church's} Simple Theory of Types},
  journal = {The Journal of Symbolic Logic},
  year = {1990},
  volume = {55},
  pages = {1269--1291},
  number = {3},
  month = sep
}

@ARTICLE{Feferman95,
  author = {Solomon Feferman},
  title = {Definedness},
  journal = {Erkenntnis},
  year = {1995},
  pages = {295--320},
  number = {3},
  publisher = {Springer},
  vol = {43}
}

@BOOK{bk:Raise-dev-mthd:95,
  title = {The {RAISE} Development Method},
  publisher = {Prentice Hall Int.},
  year = {1995},
  author = {C. George and A. E. Haxthausen and S. Hughes and R. Milne and S.
	Prehn and J. S. Pedersen},
  series = {The {BCS} Practitioners Series}
}

@BOOK{Gries-Schneider94,
  title = {A Logical Approach to Discrete Math},
  publisher = {Springer-Verlag},
  year = {1994},
  author = {David Gries and Fred B. Schneider},
  series = {Texts and Monographs in Computer Science},
  address = {New York, NY},
  annote = {45 references.}
}

@INPROCEEDINGS{conf/mlpl/Hoare85,
  author = {Hoare,, C. A. R.},
  title = {Programs are predicates},
  booktitle = {Proc. of a discussion meeting of the Royal Society of London on Mathematical
	logic and programming languages},
  year = {1985},
  pages = {141--155},
  address = {Upper Saddle River, NJ, USA},
  publisher = {Prentice-Hall, Inc.},
  file = {:C\:\\Documents and Settings\\butrfeld\\My Documents\\Library\\Catalogued\\programs-are-predicates-hoare.pdf:PDF},
  isbn = {0-13-561465-1},
  location = {London, United Kingdom},
  owner = {butrfeld},
  timestamp = {2010.07.22}
}

@BOOK{UTP-book,
  title = {Unifying Theories of Programming},
  publisher = {Prentice-Hall},
  year = {1998},
  author = {C. A. R. Hoare and Jifeng He},
  file = {:C\:\\Documents and Settings\\butrfeld\\My Documents\\Library\\Books\\UTP\\contents+preface.pdf:PDF},
  owner = {butrfeld},
  timestamp = {2008.04.25}
}

@ARTICLE{journals/jfp/HuttonM98,
  author = {Graham Hutton and Erik Meijer},
  title = {Monadic Parsing in Haskell},
  journal = {J. Funct. Program},
  year = {1998},
  volume = {8},
  pages = {437--444},
  number = {4},
  file = {:C\:\\Documents and Settings\\butrfeld\\My Documents\\Library\\Catalogued\\monadic-parsing-JFP98l.pdf:PDF},
  owner = {butrfeld},
  timestamp = {2008.11.20}
}

@TECHREPORT{HuttonGrah1996c,
  author = {Graham Hutton and Erik Meijer},
  title = {Monadic Parser Combinators},
  institution = {University of Nottingham},
  year = {1996},
  type = {Technical Report},
  number = {NOTTCS-TR-96-4},
  month = dec,
  file = {:C\:\\Documents and Settings\\butrfeld\\My Documents\\Library\\Catalogued\\monadic-parsing-TR96.pdf:PDF},
  keywords = {monads, parsing, combinators},
  owner = {butrfeld},
  timestamp = {2008.11.20},
  url = {http://www.cs.nott.ac.uk/Department/Staff/gmh/bib.html#monparsing}
}

@ARTICLE{JM94,
  author = {C. B. Jones and C. A. Middelburg},
  title = {A Typed Logic of Partial Functions Reconstructed Classically},
  journal = {Acta Informatica},
  year = {1994},
  volume = {31},
  pages = {399--430},
  number = {5}
}

@MISC{rep:Haskell:98,
  author = {S. Peyton Jones and J. Hughes and L. Augustsson and D. Barton and
	B. Boutel and W. Burton and J. Fasel and K. Hammond and R. Hinze
	and P. Hudak and T. Johnsson and M. Jones and J. Launchbury and E.
	Meijer and J. Peterson and A. Reid and C. Runciman and P. Wadler.},
  title = {Report on the Programming Language Haskell 98},
  month = feb,
  year = {1999},
  note = {http://haskell.org/onlinereport/},
  url = {http://haskell.org/onlinereport/}
}

@TECHREPORT{parsec:01,
  author = {Daan Leijen},
  title = {Parsec, a Fast Combinator Parser},
  institution = {University of Utrecht},
  year = {2001},
  address = {University of Utrecht; Dept . of Computer Science; PO.Box 80.089
	, 3508 TB Utrecht; The Netherlands},
  month = {Oct 4},
  file = {:C\:\\Documents and Settings\\butrfeld\\My Documents\\Library\\Catalogued\\parsec.pdf:PDF},
  url = {http://legacy.cs.uu.nl/daan/download/parsec/parsec.pdf}
}

@TECHREPORT{LeijenMeijer:parsec,
  author = {Daan Leijen and Erik Meijer},
  title = {Parsec: Direct Style Monadic Parser Combinators for the Real World},
  institution = {Department of Computer Science, Universiteit Utrecht},
  year = {2001},
  number = {UU-CS-2001-27}
}

@INPROCEEDINGS{conf/zum/MalikU05,
  author = {Petra Malik and Mark Utting},
  title = {{CZT}: {A} Framework for {Z} Tools},
  booktitle = {{ZB} 2005: Formal Specification and Development in {Z} and {B}},
  year = {2005},
  editor = {Helen Treharne and Steve King and Martin C. Henson and Steve A. Schneider},
  volume = {3455},
  series = {LNCS},
  pages = {65--84},
  publisher = {Springer},
  bibdate = {2005-05-03},
  bibsource = {DBLP, http://dblp.uni-trier.de/db/conf/zum/zb2005.html#MalikU05},
  isbn = {3-540-25559-1},
  owner = {butrfeld},
  timestamp = {2010.07.21},
  url = {http://dx.doi.org/10.1007/11415787_5}
}

@INPROCEEDINGS{conf/icfem/Mehta08,
  author = {Farhad Mehta},
  title = {A Practical Approach to Partiality - {A} Proof Based Approach},
  booktitle = {Formal Methods and Software Engineering, 10th International Conference
	on Formal Engineering Methods, {ICFEM} 2008},
  year = {2008},
  editor = {Shaoying Liu and T. S. E. Maibaum and Keijiro Araki},
  volume = {5256},
  series = {LNCS},
  pages = {238--257},
  publisher = {Springer},
  file = {:C\:\\Documents and Settings\\butrfeld\\My Documents\\Library\\Catalogued\\Mehta-practical-partiality-ICFEM2008.pdf:PDF},
  isbn = {978-3-540-88193-3},
  owner = {butrfeld},
  timestamp = {2010.07.21},
  url = {http://dx.doi.org/10.1007/978-3-540-88194-0_16}
}

@MANUAL{Morgan1989,
  title = {Laws of the Logical Calculi},
  author = {Carrol Morgan and J. W. Sanders},
  organization = {Oxford University Computing Laboratory, Programming Research Group},
  year = {1989},
  file = {:C\:\\Documents and Settings\\butrfeld\\My Documents\\Library\\Catalogued\\LLC\\Laws-of-the-Logical-Calculi.pdf:PDF},
  owner = {butrfeld},
  timestamp = {2008.10.18}
}

@ARTICLE{MB99,
  author = {Joseph M. Morris and Alexander Bunkenburg},
  title = {A Logic for Reasoning Equationally in the Presence of Partiality},
  journal = {Sci. Comput. Program},
  year = {1999},
  volume = {34},
  pages = {141--158},
  number = {2}
}

@ARTICLE{MB98,
  author = {Joseph M. Morris and Alexander Bunkenburg},
  title = {Partiality and Nondeterminacy in Program Proofs},
  journal = {Formal Asp. Comput},
  year = {1998},
  volume = {10},
  pages = {76--96},
  number = {1}
}

@BOOK{books/sp/NipkowPW02,
  title = {Isabelle/{HOL} - {A} Proof Assistant for Higher-Order Logic},
  publisher = {Springer},
  year = {2002},
  author = {Tobias Nipkow and Lawrence C. Paulson and Markus Wenzel},
  volume = {2283},
  series = {LNCS},
  bibdate = {2002-04-23},
  isbn = {3-540-43376-7},
  owner = {butrfeld},
  timestamp = {2010.07.21},
  url = {http://link.springer.de/link/service/series/0558/tocs/t2283.htm}
}

@INPROCEEDINGS{conf/utp/NukaW06,
  author = {Gift Nuka and Jim Woodcock},
  title = {Mechanising a Unifying Theory},
  booktitle = {Unifying Theories of Programming, First International Symposium,
	{UTP} 2006},
  year = {2006},
  editor = {Steve Dunne and Bill Stoddart},
  volume = {4010},
  series = {LNCS},
  pages = {217--235},
  publisher = {Springer},
  file = {:C\:\\Documents and Settings\\butrfeld\\My Documents\\Library\\Catalogued\\UTP
	2006\\Nuka-Woodcock-Mechanising-UTP06.pdf:PDF},
  isbn = {3-540-34750-X},
  owner = {butrfeld},
  timestamp = {2010.07.21},
  url = {http://dx.doi.org/10.1007/11768173_13}
}

@ARTICLE{journals/entcs/NukaW04,
  author = {Gift Nuka and Jim Woodcock},
  title = {Mechanising the Alphabetised Relational Calculus},
  journal = {Electr. Notes Theor. Comput. Sci},
  year = {2004},
  volume = {95},
  pages = {209--225},
  bibdate = {2004-07-28},
  bibsource = {DBLP, http://dblp.uni-trier.de/db/journals/entcs/entcs95.html#NukaW04},
  owner = {butrfeld},
  timestamp = {2010.07.21},
  url = {http://dx.doi.org/10.1016/j.entcs.2004.04.013}
}

@BOOK{bk:mercurial:BOS:09,
  title = {Mercurial: The Definitive Guide},
  publisher = {O'Reilly Media},
  year = {2009},
  author = {Bryan {O'Sullivan}},
  pages = {288},
  month = {June},
  isbn = {978-0-596-80067-3},
  url = {http://oreilly.com/catalog/9780596801311}
}

@INPROCEEDINGS{conf/utp/OliveiraCW06,
  author = {Marcel Oliveira and Ana Cavalcanti and Jim Woodcock},
  title = {Unifying Theories in ProofPower-{Z}},
  booktitle = {Unifying Theories of Programming, First International Symposium,
	{UTP} 2006},
  year = {2006},
  editor = {Steve Dunne and Bill Stoddart},
  volume = {4010},
  series = {LNCS},
  pages = {123--140},
  publisher = {Springer},
  file = {:C\:\\Documents and Settings\\butrfeld\\My Documents\\Library\\Catalogued\\UTP
	2006\\Oliveira-Cavalcanti-Woodcock-ProofPower-UTP06.pdf:PDF},
  isbn = {3-540-34750-X},
  owner = {butrfeld},
  timestamp = {2010.07.21},
  url = {http://dx.doi.org/10.1007/11768173_8}
}

@ARTICLE{journals/fac/OliveiraCW09,
  author = {Marcel Oliveira and Ana Cavalcanti and Jim Woodcock},
  title = {A {UTP} semantics for Circus},
  journal = {Formal Asp. Comput},
  year = {2009},
  volume = {21},
  pages = {3--32},
  number = {1-2},
  file = {:C\:\\Documents and Settings\\butrfeld\\My Documents\\Library\\Catalogued\\Oliveira-Cav-Wood-UTP-sem-Circus.FACJ07.pdf:PDF},
  owner = {butrfeld},
  timestamp = {2010.07.21},
  url = {http://dx.doi.org/10.1007/s00165-007-0052-5}
}

@INPROCEEDINGS{OCW:densem-circus:06,
  author = {Marcel Oliveira and Ana Cavalcanti and Jim Woodcock},
  title = {A Denotational Semantics for Circus},
  booktitle = {REFINE 2006},
  year = {2006},
  pages = {1-16},
  publisher = {ENTCS},
  file = {:C\:\\Documents and Settings\\butrfeld\\My Documents\\Library\\Articles\\Circus-Semantics-REFINE06.pdf:PDF},
  owner = {butrfeld},
  timestamp = {2008.04.25}
}

@PHDTHESIS{Oliveira2005,
  author = {Marcel Vin\'{i}cius Medeiros Oliveira},
  title = {Formal Derivation of State-Rich Reactive Programs using \textit{\textsf{Circus}}},
  school = {University of York},
  year = {2005},
  file = {:C\:\\Documents and Settings\\butrfeld\\My Documents\\Library\\Catalogued\\marcel-oliveira-phd-thesis.pdf:PDF},
  keywords = {UTP, Circus, state-rich reactive processes, formal methods},
  owner = {butrfeld},
  timestamp = {2008.10.17}
}

@ARTICLE{Owe93,
  author = {Olaf Owe},
  title = {Partial Logics Reconsidered: {A} Conservative Approach},
  journal = {Formal Aspects of Computing},
  year = {1993},
  volume = {5},
  pages = {208--223},
  number = {3}
}

@TECHREPORT{tr:Isabelle:Paulson88,
  author = {Lawrence C Paulson},
  title = {The Foundation of a Generic Theorem Prover},
  institution = {Computer Laboratory, University of Cambridge},
  year = {1988},
  number = {TR-130},
  month = mar,
  file = {:C\:\\Documents and Settings\\butrfeld\\My Documents\\Library\\Catalogued\\Paulson-Isabelle-foundations-Cambs-130.pdf:PDF},
  owner = {butrfeld},
  timestamp = {2010.08.23},
  url = {ftp://ftp.cl.cam.ac.uk/papers/reports/TR130-lcp-generic-theorem-prover.dvi.gz}
}

@BOOK{PeytonJones92,
  title = {Implementing Functional Languages: {A} Tutorial},
  publisher = {Prentice-Hall},
  year = {1992},
  author = {Simon L. Peyton-Jones and David Lester},
  series = {International Series in Computer Science}
}

@BOOK{Prawitz56,
  title = {{N}atural {D}eduction --- {A} {P}roof-{T}heoretical {S}tudy},
  publisher = {Dover Press},
  year = {1956},
  author = {Dag Prawitz},
  note = {2006 reprint of 1956 book}
}

@INPROCEEDINGS{conf/icfp/SarkarWD04,
  author = {Dipanwita Sarkar and Oscar Waddell and R. Kent Dybvig},
  title = {A nanopass infrastructure for compiler education},
  booktitle = {Proceedings of the Ninth {ACM} {SIGPLAN} International Conference
	on Functional Programming, {ICFP} 2004},
  year = {2004},
  editor = {Chris Okasaki and Kathleen Fisher},
  pages = {201--212},
  publisher = {ACM},
  isbn = {1-58113-905-5},
  url = {http://doi.acm.org/10.1145/1016850.1016878}
}

@ARTICLE{SB99,
  author = {Schieder and Broy},
  title = {Adapting Calculational Logic to the Undefined},
  journal = {The Computer Journal},
  year = {1999},
  volume = {42},
  pages = {73--81}
}

@INPROCEEDINGS{conf/fmcad/Shankar96,
  author = {Natarajan Shankar},
  title = {{PVS}: Combining Specification, Proof Checking, and Model Checking},
  booktitle = {Formal Methods in Computer-Aided Design, First International Conference,
	{FMCAD} '96},
  year = {1996},
  editor = {Mandayam K. Srivas and Albert John Camilleri},
  volume = {1166},
  series = {LNCS},
  pages = {257--264},
  publisher = {Springer},
  isbn = {3-540-61937-2}
}

@BOOK{Spivey92,
  title = {The {Z} Notation: {A} Reference Manual},
  publisher = {Prentice Hall International Series in Computer Science},
  year = {1992},
  author = {J. M. Spivey},
  edition = {2nd},
  isbn_issn = {013-978529-9},
  url = {http://spivey.oriel.ox.ac.uk/~mike/zrm/zrm.pdf}
}

@TECHREPORT{tr:Coq:manual:08,
  author = {{The Coq Development Team}},
  title = {The Coq Proof Assistant, Reference Manual, Version 8.2},
  institution = {INRIA},
  year = {2008},
  address = {Roquencourt, France},
  owner = {butrfeld},
  timestamp = {2010.07.21},
  url = {http://coq.inria.fr/refman/}
}

@ARTICLE{journal/logcom/Tourlakis01,
  author = {George Tourlakis},
  title = {On the Soundness and Completeness of Equational Predicate Logics},
  journal = {J. Log. Comput.},
  year = {2001},
  volume = {11},
  pages = {623-653},
  number = {4},
  bibsource = {DBLP, http://dblp.uni-trier.de},
  ee = {http://www3.oup.co.uk/logcom/hdb/Volume_11/Issue_04/110623.sgm.abs.html},
  file = {:C\:\\Documents and Settings\\butrfeld\\My Documents\\Library\\Catalogued\\Tourlakis-Eqn-Logic-JLC01.pdf:PDF},
  owner = {butrfeld},
  timestamp = {2010.08.23}
}

@INPROCEEDINGS{Utting:Z-in-Haskell:00,
  author = {Mark Utting},
  title = {Data structures for {Z} testing tools},
  booktitle = {FMTOOLS 2000},
  year = {2000},
  number = {TR 2000-07},
  organization = {Information Faculty, Univ. of Ulm},
  file = {:C\:\\Documents and Settings\\butrfeld\\My Documents\\Library\\Catalogued\\Utting-jaza-FM-TOOLS-2000.pdf:PDF}
}

@INCOLLECTION{wadler:prettier:FUN:03,
  author = {Philip Wadler},
  title = {A prettier printer},
  booktitle = {The Fun of Programming},
  publisher = {Palgrave Macillan},
  year = {2003},
  editor = {Jeremy Gibbons and Oege de Moor},
  series = {Cornerstones of Computing},
  pages = {223-244},
  address = {Basingstoke / New York}
}

@INPROCEEDINGS{Wadler98aprettier,
  author = {Philip Wadler},
  title = {A prettier printer},
  booktitle = {Journal of Functional Programming},
  year = {1998},
  pages = {223--244},
  publisher = {Palgrave Macmillan Publishers Ltd}
}

@MANUAL{man:Isabelle:Isar:Wenzel:10,
  title = {The Isabelle/Isar Reference Manual},
  author = {Makarius Wenzel},
  month = {June},
  year = {2010},
  owner = {butrfeld},
  timestamp = {2010.07.21},
  url = {http://www.cl.cam.ac.uk/research/hvg/Isabelle/dist/Isabelle/doc/isar-ref.pdf}
}

@INPROCEEDINGS{WB91,
  author = {J. C. P. Woodclock and S. M. Brien},
  title = {W: A Logic for Z},
  booktitle = {Proceedings of the Z User Workshop},
  year = {1991},
  pages = {77--96},
  address = {London, UK},
  publisher = {Springer-Verlag},
  isbn = {3-540-19780-X}
}

@ARTICLE{WCF:opsem-MC-Circus:05,
  author = {Jim Woodcock and Ana Cavalcanti and Leonardo Freitas},
  title = {Operational Semantics for Model Checking Circus},
  journal = {TBD},
  year = {2005},
  pages = {x-x+15},
  file = {:C\:\\Documents and Settings\\butrfeld\\My Documents\\Library\\Articles\\Circus-OpSem-MC-XXX05.pdf:PDF},
  owner = {butrfeld},
  timestamp = {2008.04.25}
}

@INPROCEEDINGS{conf/utp/ZC08,
  author = {Frank Zeyda and Ana Cavalcanti},
  title = {Encoding {\textit{Circus}} Programs in {ProofPower-Z}},
  booktitle = {Unifying Theories of Programming, Second International Symposium,
	{UTP} 2008},
  year = {2008},
  editor = {Andrew Butterfield},
  volume = {5713},
  series = {LNCS},
  pages = {218-237},
  publisher = {Springer},
  file = {:C\:\\Documents and Settings\\butrfeld\\My Documents\\Library\\Catalogued\\UTP
	2008\\Zeyda-Cavalcanti-Circus-Proofpower-UTP08.pdf:PDF},
  owner = {butrfeld},
  timestamp = {2010.06.03}
}

@ARTICLE{journals/scp/ZeydaC09,
  author = {Frank Zeyda and Ana Cavalcanti},
  title = {Mechanical Reasoning about Families of {UTP} Theories},
  journal = {Science of Computer Programming},
  year = {to appear},
  file = {:C\:\\Documents and Settings\\butrfeld\\My Documents\\Library\\Catalogued\\Zeyda-Cavalcanti-Mech-UTP-SCP.pdf:PDF},
  owner = {butrfeld},
  timestamp = {2010.07.20}
}

@ARTICLE{journals/entcs/ZeydaC09,
  author = {Frank Zeyda and Ana Cavalcanti},
  title = {Mechanical Reasoning about Families of {UTP} Theories},
  journal = {Electr. Notes Theor. Comput. Sci},
  year = {2009},
  volume = {240},
  pages = {239--257},
  file = {:C\:\\Documents and Settings\\butrfeld\\My Documents\\Library\\Catalogued\\Zeyda-Cavalcanti-Mech-UTP-SBMF08.pdf:PDF},
  owner = {butrfeld},
  timestamp = {2010.07.20},
  url = {http://dx.doi.org/10.1016/j.entcs.2009.05.055}
}

@PROCEEDINGS{conf/tphol/2006provers,
  title = {The Seventeen Provers of the World, Foreword by Dana {S}. Scott},
  year = {2006},
  editor = {Freek Wiedijk},
  volume = {3600},
  series = {Lecture Notes in Computer Science},
  publisher = {Springer},
  bibdate = {2006-03-06},
  bibsource = {DBLP, http://dblp.uni-trier.de/db/conf/tphol/lncs3600.html},
  booktitle = {The Seventeen Provers of the World},
  isbn = {3-540-30704-4}
}

@InProceedings{conf/rta/ClavelDELMMT03,
  title =	"The Maude 2.0 System",
  author =	"Manuel Clavel and Francisco Dur{\'a}n and Steven Eker
		 and Patrick Lincoln and Narciso Mart{\'i}-Oliet and
		 Jos{\'e} Meseguer and Carolyn L. Talcott",
  bibdate =	"2011-07-05",
  bibsource =	"DBLP,
		 http://dblp.uni-trier.de/db/conf/rta/rta2003.html#ClavelDELMMT03",
  booktitle =	"Rewriting Techniques and Applications, 14th
		 International Conference, {RTA} 2003, Valencia, Spain,
		 June 9-11, 2003, Proceedings",
  publisher =	"Springer",
  year = 	"2003",
  volume =	"2706",
  editor =	"Robert Nieuwenhuis",
  ISBN = 	"3-540-40254-3",
  pages =	"76--87",
  series =	"Lecture Notes in Computer Science",
  URL =  	"http://dx.doi.org/10.1007/3-540-44881-0_7",
}

@Article{BurstallAndDarlington77,
  author =	"R. M. Burstall and J. Darlington",
  journal =	"Journal of the ACM",
  pages =	"44--67",
  title =	"A Transformation System for Developing Recursive
		 Programs",
  volume =	"24",
  year = 	"1977",
}

@incollection{DBLP:series/natosec/FosterW15,
  author    = {Simon Foster and
               Jim Woodcock},
  title     = {Mechanised Theory Engineering in Isabelle},
  booktitle = {Dependable Software Systems Engineering},
  pages     = {246--287},
  year      = {2015},
  crossref  = {DBLP:series/natosec/40},
  url       = {http://dx.doi.org/10.3233/978-1-61499-495-4-246},
  doi       = {10.3233/978-1-61499-495-4-246},
  timestamp = {Fri, 12 Feb 2016 07:36:54 +0100},
  biburl    = {http://dblp.uni-trier.de/rec/bib/series/natosec/FosterW15},
  bibsource = {dblp computer science bibliography, http://dblp.org}
}

@book{DBLP:series/natosec/40,
  editor    = {Maximilian Irlbeck and
               Doron A. Peled and
               Alexander Pretschner},
  title     = {Dependable Software Systems Engineering},
  booktitle = {Dependable Software Systems Engineering},
  series    = {{NATO} Science for Peace and Security Series, {D:} Information and
               Communication Security},
  volume    = {40},
  publisher = {{IOS} Press},
  year      = {2015},
  isbn      = {978-1-61499-494-7},
  timestamp = {Fri, 12 Feb 2016 07:36:54 +0100},
  biburl    = {http://dblp.uni-trier.de/rec/bib/series/natosec/40},
  bibsource = {dblp computer science bibliography, http://dblp.org}
}

@InProceedings{conf/ac/Park79,
  title =	"On the Semantics of Fair Parallelism",
  author =	"David Michael and Ritchie Park",
  publisher =	"Springer",
  year = 	"1979",
  volume =	"86",
  bibdate =	"2011-06-10",
  bibsource =	"DBLP,
		 http://dblp.uni-trier.de/db/conf/ac/ass1979.html#Park79",
  booktitle =	"Abstract Software Specifications",
  editor =	"Dines Bj{\o}rner",
  ISBN = 	"3-540-10007-5",
  pages =	"504--526",
  series =	"Lecture Notes in Computer Science",
  URL =  	"http://dx.doi.org/10.1007/3-540-10007-5_47",
}

@article{DBLP:journals/iandc/Brookes96,
  author    = {Stephen D. Brookes},
  title     = {Full Abstraction for a Shared-Variable Parallel Language},
  journal   = {Inf. Comput.},
  volume    = {127},
  number    = {2},
  pages     = {145--163},
  year      = {1996},
  url       = {http://dx.doi.org/10.1006/inco.1996.0056},
  doi       = {10.1006/inco.1996.0056},
  timestamp = {Wed, 06 Jul 2011 21:24:06 +0200},
  biburl    = {http://dblp.uni-trier.de/rec/bib/journals/iandc/Brookes96},
  bibsource = {dblp computer science bibliography, http://dblp.org}
}

@inproceedings{DBLP:conf/concur/Brookes84,
  author    = {Stephen D. Brookes},
  title     = {On the Axiomatic Treatment of Concurrency},
  booktitle = {Seminar on Concurrency, Carnegie-Mellon University, Pittsburg, PA,
               USA, July 9-11, 1984},
  pages     = {1--34},
  year      = {1984},
  crossref  = {DBLP:conf/concur/1984},
  url       = {http://dx.doi.org/10.1007/3-540-15670-4_1},
  doi       = {10.1007/3-540-15670-4_1},
  timestamp = {Tue, 13 Oct 2009 13:20:53 +0200},
  biburl    = {http://dblp.uni-trier.de/rec/bib/conf/concur/Brookes84},
  bibsource = {dblp computer science bibliography, http://dblp.org}
}

@proceedings{DBLP:conf/concur/1984,
  editor    = {Stephen D. Brookes and
               A. W. Roscoe and
               Glynn Winskel},
  title     = {Seminar on Concurrency, Carnegie-Mellon University, Pittsburg, PA,
               USA, July 9-11, 1984},
  series    = {Lecture Notes in Computer Science},
  volume    = {197},
  publisher = {Springer},
  year      = {1985},
  isbn      = {3-540-15670-4},
  timestamp = {Mon, 19 Aug 2002 11:16:32 +0200},
  biburl    = {http://dblp.uni-trier.de/rec/bib/conf/concur/1984},
  bibsource = {dblp computer science bibliography, http://dblp.org}
}

@inproceedings{DBLP:conf/lics/Brooks93,
  author    = {Stephen D. Brookes},
  title     = {Full Abstraction for a Shared Variable Parallel Language},
  booktitle = {Proceedings of the Eighth Annual Symposium on Logic in Computer Science
               {(LICS} '93), Montreal, Canada, June 19-23, 1993},
  pages     = {98--109},
  year      = {1993},
  crossref  = {DBLP:conf/lics/1993},
  url       = {http://dx.doi.org/10.1109/LICS.1993.287596},
  doi       = {10.1109/LICS.1993.287596},
  timestamp = {Thu, 22 Jan 2015 08:25:57 +0100},
  biburl    = {http://dblp.uni-trier.de/rec/bib/conf/lics/Brooks93},
  bibsource = {dblp computer science bibliography, http://dblp.org}
}

@proceedings{DBLP:conf/lics/1993,
  title     = {Proceedings of the Eighth Annual Symposium on Logic in Computer Science
               {(LICS} '93), Montreal, Canada, June 19-23, 1993},
  publisher = {{IEEE} Computer Society},
  year      = {1993},
  url       = {http://ieeexplore.ieee.org/xpl/mostRecentIssue.jsp?punumber=899},
  isbn      = {0-8186-3140-6},
  timestamp = {Fri, 21 Nov 2014 14:08:56 +0100},
  biburl    = {http://dblp.uni-trier.de/rec/bib/conf/lics/1993},
  bibsource = {dblp computer science bibliography, http://dblp.org}
}

@inproceedings{DBLP:conf/concur/BoerKPR91,
  author    = {Frank S. de Boer and
               Joost N. Kok and
               Catuscia Palamidessi and
               Jan J. M. M. Rutten},
  title     = {The Failure of Failures in a Paradigm for Asynchronous Communication},
  booktitle = {{CONCUR} '91, 2nd International Conference on Concurrency Theory,
               Amsterdam, The Netherlands, August 26-29, 1991, Proceedings},
  pages     = {111--126},
  year      = {1991},
  crossref  = {DBLP:conf/concur/1991},
  url       = {http://dx.doi.org/10.1007/3-540-54430-5_84},
  doi       = {10.1007/3-540-54430-5_84},
  timestamp = {Tue, 13 Oct 2009 15:05:14 +0200},
  biburl    = {http://dblp.uni-trier.de/rec/bib/conf/concur/BoerKPR91},
  bibsource = {dblp computer science bibliography, http://dblp.org}
}

@proceedings{DBLP:conf/concur/1991,
  editor    = {Jos C. M. Baeten and
               Jan Friso Groote},
  title     = {{CONCUR} '91, 2nd International Conference on Concurrency Theory,
               Amsterdam, The Netherlands, August 26-29, 1991, Proceedings},
  series    = {Lecture Notes in Computer Science},
  volume    = {527},
  publisher = {Springer},
  year      = {1991},
  isbn      = {3-540-54430-5},
  timestamp = {Mon, 21 Oct 2002 14:48:59 +0200},
  biburl    = {http://dblp.uni-trier.de/rec/bib/conf/concur/1991},
  bibsource = {dblp computer science bibliography, http://dblp.org}
}

@inproceedings{DBLP:conf/utp/Staden14,
  author    = {Stephan van Staden},
  title     = {Constructing the Views Framework},
  booktitle = {Unifying Theories of Programming - 5th International Symposium, {UTP}
               2014, Singapore, May 13, 2014, Revised Selected Papers},
  pages     = {62--83},
  year      = {2014},
  crossref  = {DBLP:conf/utp/2014},
  url       = {http://dx.doi.org/10.1007/978-3-319-14806-9_4},
  doi       = {10.1007/978-3-319-14806-9_4},
  timestamp = {Wed, 07 Jan 2015 14:37:15 +0100},
  biburl    = {http://dblp.uni-trier.de/rec/bib/conf/utp/Staden14},
  bibsource = {dblp computer science bibliography, http://dblp.org}
}

@proceedings{DBLP:conf/utp/2014,
  editor    = {David Naumann},
  title     = {Unifying Theories of Programming - 5th International Symposium, {UTP}
               2014, Singapore, May 13, 2014, Revised Selected Papers},
  series    = {Lecture Notes in Computer Science},
  volume    = {8963},
  publisher = {Springer},
  year      = {2015},
  url       = {http://dx.doi.org/10.1007/978-3-319-14806-9},
  doi       = {10.1007/978-3-319-14806-9},
  isbn      = {978-3-319-14805-2},
  timestamp = {Wed, 07 Jan 2015 14:36:19 +0100},
  biburl    = {http://dblp.uni-trier.de/rec/bib/conf/utp/2014},
  bibsource = {dblp computer science bibliography, http://dblp.org}
}

@Book{1976:book:dijkstra,
  author =	"Edsger W. Dijkstra",
  title =	"A Discipline of Programming",
  publisher =	"Prentice-Hall",
  address =	"Englewood Cliffs , NJ , USA",
  series =	"Series in Automatic Computation",
  year = 	"1976",
}

@InProceedings{PODC::BackK1983,
  title =	"Decentralization of Process Nets with Centralized
		 Control",
  author =	"R. J. R. Back and R. Kurki-Suonio",
  booktitle =	"Proceedings of the Second Annual {ACM}
		 {SIGACT}-{SIGOPS} Symposium on Principles of
		 Distributed Computing",
  month =	"17--19~" # aug,
  year = 	"1983",
  address =	"Montreal, Quebec, Canada",
  pages =	"131--142",
}

@Book{Hoare-He98,
  author =	"C. A. R. Hoare and Jifeng He",
  title =	"Unifying Theories of Programming",
  publisher =	"Prentice-Hall International",
  year = 	"1998",
  address =	"Englewood Cliffs, NJ",
}

@inproceedings{DBLP:conf/esop/BattyMNPS15,
  author    = {Mark Batty and
               Kayvan Memarian and
               Kyndylan Nienhuis and
               Jean Pichon{-}Pharabod and
               Peter Sewell},
  title     = {The Problem of Programming Language Concurrency Semantics},
  booktitle = {Programming Languages and Systems - 24th European Symposium on Programming,
               {ESOP} 2015, Held as Part of the European Joint Conferences on Theory
               and Practice of Software, {ETAPS} 2015, London, UK, April 11-18, 2015.
               Proceedings},
  pages     = {283--307},
  year      = {2015},
  crossref  = {DBLP:conf/esop/2015},
  url       = {http://dx.doi.org/10.1007/978-3-662-46669-8_12},
  doi       = {10.1007/978-3-662-46669-8_12},
  timestamp = {Tue, 07 Apr 2015 15:19:02 +0200},
  biburl    = {http://dblp.uni-trier.de/rec/bib/conf/esop/BattyMNPS15},
  bibsource = {dblp computer science bibliography, http://dblp.org}
}

@Article{journals/fac/ZhuHQB15,
  title =	"Denotational semantics and its algebraic derivation
		 for an event-driven system-level language",
  author =	"Huibiao Zhu and Jifeng He and Shengchao Qin and
		 Phillip J. Brooke",
  journal =	"Formal Asp. Comput",
  year = 	"2015",
  number =	"1",
  volume =	"27",
  bibdate =	"2015-01-05",
  bibsource =	"DBLP,
		 http://dblp.uni-trier.de/db/journals/fac/fac27.html#ZhuHQB15",
  pages =	"133--166",
  URL =  	"http://dx.doi.org/10.1007/s00165-014-0309-8",
}

@article {Campbell98,
	author = {Campbell, Harry and Hotchkiss, Rona and Bradshaw, Nicola and Porteous, Mary},
	title = {Integrated care pathways},
	volume = {316},
	number = {7125},
	pages = {133--137},
	year = {1998},
	doi = {10.1136/bmj.316.7125.133},
	publisher = {BMJ Publishing Group Ltd},
	isbn = {1468-5833},
	issn = {0959-8138},
	journal = {BMJ}
}

@article { Panella03,
	author = {Panella, M. and Marchisio, S. and Di Stanislao, F.},
	title = {Reducing clinical variations with clinical pathways: do pathways work?},
	volume = {15},
	number = {6},
	pages = {509--521},
	year = {2003},
	doi = {10.1093/intqhc/mzg057},
	publisher = {The Oxford University Press},
	isbn = {1464-3677},
	issn = {1353-4505},
	journal = {International Journal for Quality in Health Care}
}


@article{Saez13,
	author = {S\'{a}ez, Carlos and Bres\'{o}, Adri\'{a}n and Vicente, Javier and Robles, Montserrat and Garc\'{\i}a-G\'{o}mez, Juan Miguel},
	title = {An HL7-CDA Wrapper for Facilitating Semantic Interoperability to Rule-based Clinical Decision Support Systems},
	journal = {Comput. Methods Prog. Biomed.},
	issue_date = {March, 2013},
	volume = {109},
	number = {3},
	month = mar,
	year = {2013},
	pages = {239--249},
	numpages = {11},
	url = {http://dx.doi.org/10.1016/j.cmpb.2012.10.003},
	doi = {10.1016/j.cmpb.2012.10.003},
	acmid = {2444162},
	publisher = {Elsevier North-Holland, Inc.},
	address = {New York, NY, USA},
	keywords = {API, CDA, CDSS, Clinical Decision Support Systems, EHR, Electronic Health Records, HIS, HL7, ICD, R-MIM, RIM, Reuse, Rule-based, SNOMED-CT, Semantic interoperability, XML, vMR},
}

@article{Marcos13,
	title = "Interoperability of clinical decision-support systems and electronic health records using archetypes: A case study in clinical trial eligibility ",
	journal = "Journal of Biomedical Informatics ",
	volume = "46",
	number = "4",
	pages = "676 - 689",
	year = "2013",
	note = "",
	issn = "1532-0464",
	doi = "http://dx.doi.org/10.1016/j.jbi.2013.05.004",
	url = "http://www.sciencedirect.com/science/article/pii/S1532046413000701",
	author = "Mar Marcos and Jose A. Maldonado and Begoña Martínez-Salvador and Diego Boscá and Montserrat Robles",
	keywords = "Clinical decision support systems",
	keywords = "Electronic health records",
	keywords = "Systems integration",
	keywords = "Clinical trials",
	keywords = "Terminology",
	keywords = "\{SNOMED\} \{CT\} "
}


@article{Huang12,
	Annote = {doi: 10.1016/j.artmed.2012.06.002},
	Author = {Huang, Zhengxing and Lu, Xudong and Duan, Huilong},
	journal  = {Artificial Intelligence in Medicine},
	year = "2012",
	Doi = {10.1016/j.artmed.2012.06.002},
	Journal = {Artificial Intelligence in Medicine},
	M3 = {doi: 10.1016/j.artmed.2012.06.002},
	Number = {2012},
	Pages = {35--50},
	Publisher = {Elsevier},
	Title = {On mining clinical pathway patterns from medical behaviors},
	Ty = {JOUR},
	Url = {http://dx.doi.org/10.1016/j.artmed.2012.06.002},
	Volume = {56},
	Bdsk-Url-1 = {http://dx.doi.org/10.1016/j.artmed.2012.06.002}
	}

@CONFERENCE{ Li15,
	AUTHOR       = {Xiang Li and Jing Mei and Haifeng Liu and Yiqin Yu and Guotong Xie and Jianying Hu and Fei Wang},
	Editor       = {R. Cornet et al.},
	TITLE        = {Analysis of Care Pathway Variation Patterns in Patient Records },
	BOOKTITLE    = {26th Medical Informatics European Conference (MIE2015)},
	Publisher    = {},
	YEAR         = {2015},
	Pages        = {},
	Organization = {European Federation for Medical Informatics (EFMI)},
	Address      = {},
	Month        = {},
	Note         = {},
	Key          = {}
}


@article{Wang15,
	author    = {Hua{-}Qiong Wang and
	Tian{-}Shu Zhou and
	Yi{-}Fan Zhang and
	Li Chen and
	Jing{-}song Li},
	title     = {Research and Development of Semantics-based Sharable Clinical Pathway
	Systems},
	journal   = {J. Medical Systems},
	volume    = {39},
	number    = {7},
	pages     = {73:1--73:11},
	year      = {2015},
	url       = {http://dx.doi.org/10.1007/s10916-015-0257-8},
	doi       = {10.1007/s10916-015-0257-8},
	timestamp = {Mon, 22 Jun 2015 10:06:30 +0200},
	biburl    = {http://dblp.uni-trier.de/rec/bib/journals/jms/WangZZCL15},
	bibsource = {dblp computer science bibliography, http://dblp.org}
}

@article{Rotter12a,
	author = {Rotter, Thomas and Kinsman, Leigh and James, Erica and Machotta, Andreas and Willis, Jon and Snow, Pamela and Kugler, Joachim},
	title = {The Effects of Clinical Pathways on Professional Practice, Patient Outcomes, Length of Stay, and Hospital Costs: Cochrane Systematic Review and Meta-Analysis},
	volume = {35},
	number = {1},
	pages = {3-27},
	year = {2012},
	doi = {10.1177/0163278711407313},
	URL = {http://ehp.sagepub.com/content/35/1/3.abstract},
	eprint = {http://ehp.sagepub.com/content/35/1/3.full.pdf+html},
	journal = {Evaluation and the Health Professions}
}


@Book{ Kimberley08,
	author = { Kimberly, John R. and Pouvourville, G\'{e}rard de. and D'Aunno, Thomas A. },
	title = { The globalization of managerial innovation in health care},
	isbn = { 9780521885003 0521885000 9780521711982 0521711983 },
	publisher = { Cambridge University Press Cambridge, UK ; New York },
	pages = { xiii, 379 p. ; },
	year = { 2008 },
	type = { Book },
	language = { English },
}

@Article{Kul12,
	AUTHOR = {Kul, Seval and Barbieri, Antonella and Milan, Erika and Montag, Ilke and Vanhaecht, Kris and Panella, Massimiliano},
	TITLE = {Effects of care pathways on the in-hospital treatment of heart failure: a systematic review},
	JOURNAL = {BMC Cardiovascular Disorders},
	VOLUME = {12},
	YEAR = {2012},
	NUMBER = {1},
	PAGES = {81},
	URL = {http://www.biomedcentral.com/1471-2261/12/81},
	DOI = {10.1186/1471-2261-12-81},
	PubMedID = {23009030},
	ISSN = {1471-2261},
}

@Article{Rotter12b,
	AUTHOR = {Rotter, Thomas and Kinsman, Leigh and James, Erica and Machotta, Andreas and Steyerberg, Ewout},
	TITLE = {The quality of the evidence base for clinical pathway effectiveness: Room for improvement in the design of evaluation trials},
	JOURNAL = {BMC Medical Research Methodology},
	VOLUME = {12},
	YEAR = {2012},
	NUMBER = {1},
	PAGES = {80},
	URL = {http://www.biomedcentral.com/1471-2288/12/80},
	DOI = {10.1186/1471-2288-12-80},
	PubMedID = {22709274},
	ISSN = {1471-2288},
}

@ARTICLE{Nee08,
	author={Nee, O. and Hein, A. and Gorath, T. and Hulsmann, N. and Laleci, G.B. and Yuksel, M. and Olduz, M. and Tasyurt, I. and Orhan, U. and Dogac, A. and Fruntelata, A. and Ghiorghe, S. and Ludwig, R.},
	journal={Communications, IET},
	title={SAPHIRE: intelligent healthcare monitoring based on semantic interoperability platform: pilot applications},
	year={2008},
	month={February},
	volume={2},
	number={2},
	pages={192-201},
	keywords={biomedical telemetry;cardiology;decision support systems;diseases;geriatrics;health care;medical computing;medical information systems;open systems;patient care;patient monitoring;patient rehabilitation;SAPHIRE architecture;cardiac patient monitoring;chronic disease;clinical guidelines;electronic healthcare records;homecare monitoring;intelligent healthcare monitoring;rehabilitation;revascularisation therapy;semantic interoperability platform;wireless medical sensor},
	doi={10.1049/iet-com:20060699},
	ISSN={1751-8628},}

@ARTICLE{Laleci09,
	author={Laleci, G.B. and Dogac, A.},
	journal={Information Technology in Biomedicine, IEEE Transactions on},
	title={A Semantically Enriched Clinical Guideline Model Enabling Deployment in Heterogeneous Healthcare Environments},
	year={2009},
	month={March},
	volume={13},
	number={2},
	pages={263-273},
	keywords={Web services;biomedical telemetry;health care;medical information systems;SAPHIRE project;Web service technology;alert system;clinical guideline interface;clinical workflow;cross-enterprise document sharing;eHealth domain;electronic healthcare record;healthcare information technology;heterogeneous healthcare environment;information transmission;integrating healthcare enterprise;machine-processable mechanism;patient medical problem;reminder system;semantically enriched clinical guideline model;wireless medical sensor device;Semantic mediation;semantically enriched clinical guidelines;semiautomatic deployment and execution of guidelines;Health Services;Humans;Internet;Medical Records Systems, Computerized;Practice Guidelines as Topic;Semantics},
	doi={10.1109/TITB.2008.2010542},
	ISSN={1089-7771},}

@Article{Mei11,
	AUTHOR = {Mei, J. and Liu, H. and Xie, G. and Liu, S. and Zhou, B.},
	TITLE = {An OCL-compliant GELLO Engine},
	JOURNAL = {Studies in health technology and informatics},
	VOLUME = {169},
	YEAR = {2011},
	NUMBER = {},
	PAGES = {130-134},
	URL = {http://www.unboundmedicine.com/medline/citation/21893728/An_OCL_compliant_GELLO_Engine_},
	PubMedID = {21893728},
}

@Article{Neuman09,
	AUTHOR = {Neuman, Mark D.  and  Archan, Sylvia and Karlawish, Jason H. and  Schwartz, J. Sanford and Fleisher, Lee A.},
	TITLE = {The Relationship Between Short-Term Mortality and Quality of Care for Hip Fracture: A Meta-Analysis of Clinical Pathways for Hip Fracture},
	JOURNAL = {Journal of the American Geriatrics Society},
	VOLUME = {57},
	YEAR = {2009},
	NUMBER = {11},
	PAGES = {2046--2054},
	publisher = {Blackwell Publishing Inc},
	issn = {1532-5415},
	url = {http://dx.doi.org/10.1111/j.1532-5415.2009.02492.x},
	doi = {10.1111/j.1532-5415.2009.02492.x},
}


@Article{Yang12,
	Author = {Yang, Xian and Han, Rui and Guo, Yike and Bradley, Jeremy and Cox, Benita and Dickinson, Robert and Kitney, Richard},
	Db = {PMC},
	Doi = {10.1186/1471-2105-13-S14-S4},
	Isbn = {1471-2105},
	Journal = {BMC Bioinformatics},
	Number = {Suppl 14},
	Pages = {S4--S4},
	Publisher = {BioMed Central},
	Title = {Modelling and performance analysis of clinical pathways using the stochastic process algebra PEPA},
	Ty = {JOUR},
	U1 = {1471-2105-13-S14-S4{$[$}PII{$]$}; 23095226{$[$}pmid{$]$}},
	Url = {http://www.ncbi.nlm.nih.gov/pmc/articles/PMC3439723/},
	Volume = {13},
	Year = {2012},
	Year1 = {2012/09/07},
	Bdsk-Url-1 = {http://www.ncbi.nlm.nih.gov/pmc/articles/PMC3439723/},
	Bdsk-Url-2 = {http://dx.doi.org/10.1186/1471-2105-13-S14-S4},}

	@Article{Combi09,
	author = {Combi, Carlo and Gozzi, Matteo and Oliboni, Barbara and Juarez, Jose M. and Marin, Roque},
	title = {Temporal Similarity Measures for Querying Clinical Workflows},
	journal = {Artif. Intell. Med.},
	issue_date = {May, 2009},
	volume = {46},
	number = {1},
	month = may,
	year = {2009},
	issn = {0933-3657},
	pages = {37--54},
	numpages = {18},
	url = {http://dx.doi.org/10.1016/j.artmed.2008.07.013},
	doi = {10.1016/j.artmed.2008.07.013},
	acmid = {1531019},
	publisher = {Elsevier Science Publishers Ltd.},
	address = {Essex, UK},
	keywords = {Clinical guidelines, Clinical workflows, Temporal constraint networks, Temporal similarity},
	}

@proceedings{DBLP:conf/esop/2015,
  editor    = {Jan Vitek},
  title     = {Programming Languages and Systems - 24th European Symposium on Programming,
               {ESOP} 2015, Held as Part of the European Joint Conferences on Theory
               and Practice of Software, {ETAPS} 2015, London, UK, April 11-18, 2015.
               Proceedings},
  series    = {Lecture Notes in Computer Science},
  volume    = {9032},
  publisher = {Springer},
  year      = {2015},
  url       = {http://dx.doi.org/10.1007/978-3-662-46669-8},
  doi       = {10.1007/978-3-662-46669-8},
  isbn      = {978-3-662-46668-1},
  timestamp = {Tue, 07 Apr 2015 15:18:50 +0200},
  biburl    = {http://dblp.uni-trier.de/rec/bib/conf/esop/2015},
  bibsource = {dblp computer science bibliography, http://dblp.org}
}

@MISC{vanderAalst99,
	author = {der Aalst, W. M. P.},
	title = {Formalization and Verification of Event-driven Process Chains},
	year = {1999}
}

@inproceedings{vanderAalst06,
	author = {van der Aalst, W. M. P. and de Medeiros, A. K. Alves and Weijters, A. J. M. M.},
	title = {Process Equivalence: Comparing Two Process Models Based on Observed Behavior},
	booktitle = {Proceedings of the 4th International Conference on Business Process Management},
	series = {BPM'06},
	year = {2006},
	isbn = {3-540-38901-6, 978-3-540-38901-9},
	location = {Vienna, Austria},
	pages = {129--144},
	numpages = {16},
	url = {http://dx.doi.org/10.1007/11841760_10},
	doi = {10.1007/11841760_10},
	acmid = {2107464},
	publisher = {Springer-Verlag},
	address = {Berlin, Heidelberg},
	keywords = {petri nets, process equivalence, process mining},
}

@INPROCEEDINGS{vanderAalst96,
	author = {{W.M.P. van der} Aalst},
	title = {{Three Good Reasons for Using a Petri-net-based Workflow Management
	System}},
	booktitle = {Proceedings of the International Working Conference on Information
	and Process Integration in Enterprises (IPIC'96)},
	year = {1996},
	editor = {S. Navathe and T. Wakayama},
	pages = {179--201},
	address = {Camebridge, Massachusetts},
	month = { Nov}
}

@inproceedings{Ellis95,
	author = {Ellis, Clarence and Keddara, Karim and Rozenberg, Grzegorz},
	title = {Dynamic Change Within Workflow Systems},
	booktitle = {Proceedings of Conference on Organizational Computing Systems},
	series = {COCS '95},
	year = {1995},
	isbn = {0-89791-706-5},
	location = {Milpitas, California, USA},
	pages = {10--21},
	numpages = {12},
	url = {http://doi.acm.org/10.1145/224019.224021},
	doi = {10.1145/224019.224021},
	acmid = {224021},
	publisher = {ACM},
	address = {New York, NY, USA},
}

@inproceedings{Ellis93,
	author    = {Clarence A. Ellis and
	Gary J. Nutt},
	title     = {Modeling and Enactment of Workflow Systems},
	booktitle = {Application and Theory of Petri Nets 1993, 14th International Conference,
	Chicago, Illinois, USA, June 21-25, 1993, Proceedings},
	pages     = {1--16},
	year      = {1993},
	crossref  = {DBLP:conf/apn/1993},
	url       = {http://dx.doi.org/10.1007/3-540-56863-8_36},
	doi       = {10.1007/3-540-56863-8_36},
	timestamp = {Sat, 19 Sep 2009 20:42:52 +0200},
	biburl    = {http://dblp.uni-trier.de/rec/bib/conf/apn/EllisN93},
	bibsource = {dblp computer science bibliography, http://dblp.org}
}

@conference{Adam05,
	Author = {Adam, O. and Thomas, O.},
	Year = {2005},
	Title = {A Fuzzy Based Approach to the Improvement of Business Processes},
	Booktitle = {BPI´05: Workshop on Business Process Intelligence},
	Editor = {Castellanos, M. and Weijters, T.},Address = {Nancy, France},
	Month = {05. September 2005},
	Pages = {25--35}}

@inproceedings{Pesic06,
	author = {Pesic, M. and van der Aalst, W. M. P.},
	title = {A Declarative Approach for Flexible Business Processes Management},
	booktitle = {Proceedings of the 2006 International Conference on Business Process Management Workshops},
	series = {BPM'06},
	year = {2006},
	isbn = {3-540-38444-8, 978-3-540-38444-1},
	location = {Vienna, Austria},
	pages = {169--180},
	numpages = {12},
	url = {http://dx.doi.org/10.1007/11837862_18},
	doi = {10.1007/11837862_18},
	acmid = {2135592},
	publisher = {Springer-Verlag},
	address = {Berlin, Heidelberg},
	keywords = {declarative model specification, dynamic workflow, flexibility, temporal logic, workflow management},
}

@incollection{Grigori01,
	year={2001},
	isbn={978-3-540-42527-4},
	booktitle={Database and Expert Systems Applications},
	volume={2113},
	series={Lecture Notes in Computer Science},
	editor={Mayr, HeinrichC. and Lazansky, Jiri and Quirchmayr, Gerald and Vogel, Pavel},
	doi={10.1007/3-540-44759-8_27},
	title={Anticipation to Enhance Flexibility of Workflow Execution},
	url={http://dx.doi.org/10.1007/3-540-44759-8_27},
	publisher={Springer Berlin Heidelberg},
	author={Grigori, Daniela and Charoy, FranÃ§ois and Godart, Claude},
	pages={264-273},
	language={English}
}

@inproceedings{DBLP:conf/caise/GiacomoDMM15,
  author    = {Giuseppe {De Giacomo} and
               Marlon Dumas and
               Fabrizio Maria Maggi and
               Marco Montali},
  title     = {Declarative Process Modeling in {BPMN}},
  booktitle = {Advanced Information Systems Engineering - 27th International Conference,
               CAiSE 2015, Stockholm, Sweden, June 8-12, 2015, Proceedings},
  pages     = {84--100},
  year      = {2015},
  crossref  = {DBLP:conf/caise/2015},
  url       = {http://dx.doi.org/10.1007/978-3-319-19069-3_6},
  doi       = {10.1007/978-3-319-19069-3_6},
  timestamp = {Wed, 27 May 2015 15:43:41 +0200},
  biburl    = {http://dblp.uni-trier.de/rec/bib/conf/caise/GiacomoDMM15},
  bibsource = {dblp computer science bibliography, http://dblp.org}
}

@inproceedings{DBLP:conf/edoc/PesicSA07,
  author    = {Maja Pesic and
               Helen Schonenberg and
               Wil M. P. van der Aalst},
  title     = {{DECLARE:} Full Support for Loosely-Structured Processes},
  booktitle = {11th {IEEE} International Enterprise Distributed Object Computing
               Conference {(EDOC} 2007), 15-19 October 2007, Annapolis, Maryland,
               {USA}},
  pages     = {287--300},
  year      = {2007},
  crossref  = {DBLP:conf/edoc/2007},
  url       = {http://dx.doi.org/10.1109/EDOC.2007.25},
  doi       = {10.1109/EDOC.2007.25},
  timestamp = {Thu, 25 Jun 2015 17:37:08 +0200},
  biburl    = {http://dblp.uni-trier.de/rec/bib/conf/edoc/PesicSA07},
  bibsource = {dblp computer science bibliography, http://dblp.org}
}

@article{DBLP:journals/infsof/DijkmanDO08,
  author    = {Remco M. Dijkman and
               Marlon Dumas and
               Chun Ouyang},
  title     = {Semantics and analysis of business process models in {BPMN}},
  journal   = {Information {\&} Software Technology},
  volume    = {50},
  number    = {12},
  pages     = {1281--1294},
  year      = {2008},
  url       = {http://dx.doi.org/10.1016/j.infsof.2008.02.006},
  doi       = {10.1016/j.infsof.2008.02.006},
  timestamp = {Thu, 26 Nov 2009 15:03:43 +0100},
  biburl    = {http://dblp.uni-trier.de/rec/bib/journals/infsof/DijkmanDO08},
  bibsource = {dblp computer science bibliography, http://dblp.org}
}

@proceedings{DBLP:conf/caise/2015,
  editor    = {Jelena Zdravkovic and
               Marite Kirikova and
               Paul Johannesson},
  title     = {Advanced Information Systems Engineering - 27th International Conference,
               CAiSE 2015, Stockholm, Sweden, June 8-12, 2015, Proceedings},
  series    = {Lecture Notes in Computer Science},
  volume    = {9097},
  publisher = {Springer},
  year      = {2015},
  url       = {http://dx.doi.org/10.1007/978-3-319-19069-3},
  doi       = {10.1007/978-3-319-19069-3},
  isbn      = {978-3-319-19068-6},
  timestamp = {Wed, 27 May 2015 15:40:31 +0200},
  biburl    = {http://dblp.uni-trier.de/rec/bib/conf/caise/2015},
  bibsource = {dblp computer science bibliography, http://dblp.org}
}


@proceedings{DBLP:conf/edoc/2007,
  title     = {11th {IEEE} International Enterprise Distributed Object Computing
               Conference {(EDOC} 2007), 15-19 October 2007, Annapolis, Maryland,
               {USA}},
  publisher = {{IEEE} Computer Society},
  year      = {2007},
  url       = {http://ieeexplore.ieee.org/xpl/mostRecentIssue.jsp?punumber=4383963},
  isbn      = {0-7695-2891-0},
  timestamp = {Thu, 25 Jun 2015 17:37:07 +0200},
  biburl    = {http://dblp.uni-trier.de/rec/bib/conf/edoc/2007},
  bibsource = {dblp computer science bibliography, http://dblp.org}
}

@incollection{Eshuis03,
	year={2003},
	isbn={978-3-540-40334-0},
	booktitle={Applications and Theory of Petri Nets 2003},
	volume={2679},
	series={Lecture Notes in Computer Science},
	editor={van der Aalst, WilM.P. and Best, Eike},
	doi={10.1007/3-540-44919-1_20},
	title={Reactive Petri Nets for Workflow Modeling},
	url={http://dx.doi.org/10.1007/3-540-44919-1_20},
	publisher={Springer Berlin Heidelberg},
	author={Eshuis, Rik and Dehnert, Juliane},
	pages={296-315},
	language={English}
}

@inproceedings{DBLP:conf/utp/Butterfield16,
  author    = {Andrew Butterfield},
  title     = {UTPCalc - {A} Calculator for {UTP} Predicates},
  booktitle = {Unifying Theories of Programming - 6th International Symposium, {UTP}
               2016, Reykjavik, Iceland, June 4-5, 2016, Revised Selected Papers},
  pages     = {197--216},
  year      = {2016},
  crossref  = {DBLP:conf/utp/2016},
  url       = {https://doi.org/10.1007/978-3-319-52228-9_10},
  doi       = {10.1007/978-3-319-52228-9_10},
  timestamp = {Thu, 15 Jun 2017 21:39:21 +0200},
  biburl    = {http://dblp.uni-trier.de/rec/bib/conf/utp/Butterfield16},
  bibsource = {dblp computer science bibliography, http://dblp.org}
}

@proceedings{DBLP:conf/utp/2016,
  editor    = {Jonathan P. Bowen and
               Huibiao Zhu},
  title     = {Unifying Theories of Programming - 6th International Symposium, {UTP}
               2016, Reykjavik, Iceland, June 4-5, 2016, Revised Selected Papers},
  series    = {Lecture Notes in Computer Science},
  volume    = {10134},
  publisher = {Springer},
  year      = {2017},
  url       = {https://doi.org/10.1007/978-3-319-52228-9},
  doi       = {10.1007/978-3-319-52228-9},
  isbn      = {978-3-319-52227-2},
  timestamp = {Thu, 15 Jun 2017 21:39:21 +0200},
  biburl    = {http://dblp.uni-trier.de/rec/bib/conf/utp/2016},
  bibsource = {dblp computer science bibliography, http://dblp.org}
}

@article{predprog,
 author = {Eric C. R. Hehner},
 title = {Predicative programming Part I\,\&\,II},
 journal = {Commun. ACM},
 issue_date = {Feb. 1984},
 volume = {27},
 number = {2},
 month = feb,
 year = {1984},
 issn = {0001-0782},
 pages = {134--151},
 numpages = {10},
}
