@inproceedings{DBLP:conf/icfem/WoodcockH02,
  author    = {Jim Woodcock and
               Arthur P. Hughes},
  editor    = {Chris George and
               Huaikou Miao},
  title     = {Unifying Theories of Parallel Programming},
  booktitle = {Formal Methods and Software Engineering, 4th International Conference
               on Formal Engineering Methods, {ICFEM} 2002 Shanghai, China, October
               21-25, 2002, Proceedings},
  series    = {Lecture Notes in Computer Science},
  volume    = {2495},
  pages     = {24--37},
  publisher = {Springer},
  year      = {2002},
  url       = {http://dx.doi.org/10.1007/3-540-36103-0_5},
  doi       = {10.1007/3-540-36103-0_5},
  timestamp = {Mon, 04 Jul 2011 09:36:40 +0200},
  biburl    = {http://dblp.uni-trier.de/rec/bib/conf/icfem/WoodcockH02},
  bibsource = {dblp computer science bibliography, http://dblp.org}
}

@article{DBLP:journals/infsof/AtkinsonWN07,
  author    = {Darren C. Atkinson and
               Daniel C. Weeks and
               John Noll},
  title     = {Tool support for iterative software process modeling},
  journal   = {Information {\&} Software Technology},
  volume    = {49},
  number    = {5},
  pages     = {493--514},
  year      = {2007},
  url       = {http://dx.doi.org/10.1016/j.infsof.2006.07.006},
  doi       = {10.1016/j.infsof.2006.07.006},
  timestamp = {Mon, 14 May 2007 09:10:05 +0200},
  biburl    = {http://dblp.uni-trier.de/rec/bib/journals/infsof/AtkinsonWN07},
  bibsource = {dblp computer science bibliography, http://dblp.org}
}

@Unpublished{McB:derrti,
  author =	"Conor McBride",
  title =	"The Derivative of a Regular Type Is Its Type of
		 One-Hole Contexts",
  note = 	"Unpublished manuscript",
  month =	jan,
  year = 	"2001",
  URL =  	"http://www.dur.ac.uk/c.t.mcbride/diff.ps",
}

@Article{McBride:2008:CLM,
  author =	"Conor McBride",
  title =	"Clowns to the left of me, jokers to the right (pearl):
		 dissecting data structures",
  journal =	"ACM SIG{\-}PLAN Notices",
  volume =	"43",
  number =	"1",
  pages =	"287--295",
  month =	jan,
  year = 	"2008",
  CODEN =	"SINODQ",
  doi =  	"http://doi.acm.org/10.1145/1328438.1328474",
  ISSN = 	"0362-1340 (print), 1523-2867 (print), 1558-1160
		 (electronic)",
  issn-l =	"0362-1340",
  doi-url =	"http://dx.doi.org/10.1145/1328438.1328474",
}

@Article{JFP::Huet1997,
  title =	"The {Zipper}",
  author =	"G{\'e}rard Huet",
  pages =	"549--554",
  journal =	"Journal of Functional Programming",
  month =	sep,
  year = 	"1997",
  volume =	"7",
  number =	"5",
  note = 	"Functional Pearl",
}

@InProceedings{conf/popl/Dinsdale-YoungBGPY13,
  title =	"Views: compositional reasoning for concurrent
		 programs",
  author =	"Thomas Dinsdale-Young and Lars Birkedal and Philippa
		 Gardner and Matthew J. Parkinson and Hongseok Yang",
  booktitle =	"The 40th Annual {ACM} {SIGPLAN}-{SIGACT} Symposium on
		 Principles of Programming Languages, {POPL} '13, Rome,
		 Italy - January 23 - 25, 2013",
  publisher =	"ACM",
  year = 	"2013",
  editor =	"Roberto Giacobazzi and Radhia Cousot",
  ISBN = 	"978-1-4503-1832-7",
  pages =	"287--300",
}

@inproceedings{DBLP:conf/utp/CavalcantiHW06,
  author    = {Ana Cavalcanti and
               Will Harwood and
               Jim Woodcock},
  title     = {Pointers and Records in the Unifying Theories of Programming},
  booktitle = {Unifying Theories of Programming, First International Symposium, {UTP}
               2006, Walworth Castle, County Durham, UK, February 5-7, 2006, Revised
               Selected Papers},
  pages     = {200--216},
  year      = {2006},
  crossref  = {DBLP:conf/utp/2006},
  url       = {http://dx.doi.org/10.1007/11768173_12},
  doi       = {10.1007/11768173_12},
  timestamp = {Wed, 28 Jun 2006 15:16:57 +0200},
  biburl    = {http://dblp.uni-trier.de/rec/bib/conf/utp/CavalcantiHW06},
  bibsource = {dblp computer science bibliography, http://dblp.org}
}

@proceedings{DBLP:conf/utp/2006,
  editor    = {Steve Dunne and
               Bill Stoddart},
  title     = {Unifying Theories of Programming, First International Symposium, {UTP}
               2006, Walworth Castle, County Durham, UK, February 5-7, 2006, Revised
               Selected Papers},
  series    = {Lecture Notes in Computer Science},
  volume    = {4010},
  publisher = {Springer},
  year      = {2006},
  isbn      = {3-540-34750-X},
  timestamp = {Wed, 28 Jun 2006 15:16:57 +0200},
  biburl    = {http://dblp.uni-trier.de/rec/bib/conf/utp/2006},
  bibsource = {dblp computer science bibliography, http://dblp.org}
}

@inproceedings{DBLP:conf/utp/Staden14,
  author    = {Stephan van Staden},
  title     = {Constructing the Views Framework},
  booktitle = {Unifying Theories of Programming - 5th International Symposium, {UTP}
               2014, Singapore, May 13, 2014, Revised Selected Papers},
  pages     = {62--83},
  year      = {2014},
  crossref  = {DBLP:conf/utp/2014},
  url       = {http://dx.doi.org/10.1007/978-3-319-14806-9_4},
  doi       = {10.1007/978-3-319-14806-9_4},
  timestamp = {Wed, 07 Jan 2015 14:37:15 +0100},
  biburl    = {http://dblp.uni-trier.de/rec/bib/conf/utp/Staden14},
  bibsource = {dblp computer science bibliography, http://dblp.org}
}

@proceedings{DBLP:conf/utp/2014,
  editor    = {David Naumann},
  title     = {Unifying Theories of Programming - 5th International Symposium, {UTP}
               2014, Singapore, May 13, 2014, Revised Selected Papers},
  series    = {Lecture Notes in Computer Science},
  volume    = {8963},
  publisher = {Springer},
  year      = {2015},
  url       = {http://dx.doi.org/10.1007/978-3-319-14806-9},
  doi       = {10.1007/978-3-319-14806-9},
  isbn      = {978-3-319-14805-2},
  timestamp = {Wed, 07 Jan 2015 14:36:19 +0100},
  biburl    = {http://dblp.uni-trier.de/rec/bib/conf/utp/2014},
  bibsource = {dblp computer science bibliography, http://dblp.org}
}

@inproceedings{DBLP:conf/utp/ZhuSHQ12,
  author    = {Huibiao Zhu and
               Jeff W. Sanders and
               Jifeng He and
               Shengchao Qin},
  title     = {Denotational Semantics for a Probabilistic Timed Shared-Variable Language},
  booktitle = {Unifying Theories of Programming, 4th International Symposium, {UTP}
               2012, Paris, France, August 27-28, 2012, Revised Selected Papers},
  pages     = {224--247},
  year      = {2012},
  crossref  = {DBLP:conf/utp/2012},
  url       = {http://dx.doi.org/10.1007/978-3-642-35705-3_11},
  doi       = {10.1007/978-3-642-35705-3_11},
  timestamp = {Wed, 30 Jan 2013 16:08:33 +0100},
  biburl    = {http://dblp.uni-trier.de/rec/bib/conf/utp/ZhuSHQ12},
  bibsource = {dblp computer science bibliography, http://dblp.org}
}

@proceedings{DBLP:conf/utp/2012,
  editor    = {Burkhart Wolff and
               Marie{-}Claude Gaudel and
               Abderrahmane Feliachi},
  title     = {Unifying Theories of Programming, 4th International Symposium, {UTP}
               2012, Paris, France, August 27-28, 2012, Revised Selected Papers},
  series    = {Lecture Notes in Computer Science},
  volume    = {7681},
  publisher = {Springer},
  year      = {2013},
  url       = {http://dx.doi.org/10.1007/978-3-642-35705-3},
  doi       = {10.1007/978-3-642-35705-3},
  isbn      = {978-3-642-35704-6},
  timestamp = {Wed, 30 Jan 2013 16:05:05 +0100},
  biburl    = {http://dblp.uni-trier.de/rec/bib/conf/utp/2012},
  bibsource = {dblp computer science bibliography, http://dblp.org}
}

@inproceedings{DBLP:conf/utp/ZhaoWZ10,
  author    = {Yongxin Zhao and
               Xu Wang and
               Huibiao Zhu},
  title     = {Towards a Pomset Semantics for a Shared-Variable Parallel Language},
  booktitle = {Unifying Theories of Programming - Third International Symposium,
               {UTP} 2010, Shanghai, China, November 15-16, 2010. Proceedings},
  pages     = {271--285},
  year      = {2010},
  crossref  = {DBLP:conf/utp/2010},
  url       = {http://dx.doi.org/10.1007/978-3-642-16690-7_14},
  doi       = {10.1007/978-3-642-16690-7_14},
  timestamp = {Sat, 20 Nov 2010 20:43:20 +0100},
  biburl    = {http://dblp.uni-trier.de/rec/bib/conf/utp/ZhaoWZ10},
  bibsource = {dblp computer science bibliography, http://dblp.org}
}

@proceedings{DBLP:conf/utp/2010,
  editor    = {Shengchao Qin},
  title     = {Unifying Theories of Programming - Third International Symposium,
               {UTP} 2010, Shanghai, China, November 15-16, 2010. Proceedings},
  series    = {Lecture Notes in Computer Science},
  volume    = {6445},
  publisher = {Springer},
  year      = {2010},
  url       = {http://dx.doi.org/10.1007/978-3-642-16690-7},
  doi       = {10.1007/978-3-642-16690-7},
  isbn      = {978-3-642-16689-1},
  timestamp = {Sat, 20 Nov 2010 20:39:07 +0100},
  biburl    = {http://dblp.uni-trier.de/rec/bib/conf/utp/2010},
  bibsource = {dblp computer science bibliography, http://dblp.org}
}

@inproceedings{DBLP:conf/utp/ZhuYH10,
  author    = {Huibiao Zhu and
               Fan Yang and
               Jifeng He},
  title     = {Generating Denotational Semantics from Algebraic Semantics for Event-Driven
               System-Level Language},
  booktitle = {Unifying Theories of Programming - Third International Symposium,
               {UTP} 2010, Shanghai, China, November 15-16, 2010. Proceedings},
  pages     = {286--308},
  year      = {2010},
  crossref  = {DBLP:conf/utp/2010},
  url       = {http://dx.doi.org/10.1007/978-3-642-16690-7_15},
  doi       = {10.1007/978-3-642-16690-7_15},
  timestamp = {Sat, 20 Nov 2010 20:43:20 +0100},
  biburl    = {http://dblp.uni-trier.de/rec/bib/conf/utp/ZhuYH10},
  bibsource = {dblp computer science bibliography, http://dblp.org}
}

@proceedings{DBLP:conf/utp/2010,
  editor    = {Shengchao Qin},
  title     = {Unifying Theories of Programming - Third International Symposium,
               {UTP} 2010, Shanghai, China, November 15-16, 2010. Proceedings},
  series    = {Lecture Notes in Computer Science},
  volume    = {6445},
  publisher = {Springer},
  year      = {2010},
  url       = {http://dx.doi.org/10.1007/978-3-642-16690-7},
  doi       = {10.1007/978-3-642-16690-7},
  isbn      = {978-3-642-16689-1},
  timestamp = {Sat, 20 Nov 2010 20:39:07 +0100},
  biburl    = {http://dblp.uni-trier.de/rec/bib/conf/utp/2010},
  bibsource = {dblp computer science bibliography, http://dblp.org}
}

@inproceedings{DBLP:conf/utp/SmithG08,
  author    = {Michael Anthony Smith and
               Jeremy Gibbons},
  title     = {Unifying Theories of Locations},
  booktitle = {Unifying Theories of Programming, Second International Symposium,
               {UTP} 2008, Dublin, Ireland, September 8-10, 2008, Revised Selected
               Papers},
  pages     = {161--180},
  year      = {2008},
  crossref  = {DBLP:conf/utp/2008},
  url       = {http://dx.doi.org/10.1007/978-3-642-14521-6_10},
  doi       = {10.1007/978-3-642-14521-6_10},
  timestamp = {Fri, 03 Sep 2010 12:51:04 +0200},
  biburl    = {http://dblp.uni-trier.de/rec/bib/conf/utp/SmithG08},
  bibsource = {dblp computer science bibliography, http://dblp.org}
}

@proceedings{DBLP:conf/utp/2008,
  editor    = {Andrew Butterfield},
  title     = {Unifying Theories of Programming, Second International Symposium,
               {UTP} 2008, Dublin, Ireland, September 8-10, 2008, Revised Selected
               Papers},
  series    = {Lecture Notes in Computer Science},
  volume    = {5713},
  publisher = {Springer},
  year      = {2010},
  url       = {http://dx.doi.org/10.1007/978-3-642-14521-6},
  doi       = {10.1007/978-3-642-14521-6},
  isbn      = {978-3-642-14520-9},
  timestamp = {Fri, 03 Sep 2010 12:45:03 +0200},
  biburl    = {http://dblp.uni-trier.de/rec/bib/conf/utp/2008},
  bibsource = {dblp computer science bibliography, http://dblp.org}
}

@InProceedings{conf/ac/Park79,
  title =	"On the Semantics of Fair Parallelism",
  author =	"David Michael and Ritchie Park",
  publisher =	"Springer",
  year = 	"1979",
  volume =	"86",
  bibdate =	"2011-06-10",
  bibsource =	"DBLP,
		 http://dblp.uni-trier.de/db/conf/ac/ass1979.html#Park79",
  booktitle =	"Abstract Software Specifications",
  editor =	"Dines Bj{\o}rner",
  ISBN = 	"3-540-10007-5",
  pages =	"504--526",
  series =	"Lecture Notes in Computer Science",
  URL =  	"http://dx.doi.org/10.1007/3-540-10007-5_47",
}

@article{DBLP:journals/iandc/Brookes96,
  author    = {Stephen D. Brookes},
  title     = {Full Abstraction for a Shared-Variable Parallel Language},
  journal   = {Inf. Comput.},
  volume    = {127},
  number    = {2},
  pages     = {145--163},
  year      = {1996},
  url       = {http://dx.doi.org/10.1006/inco.1996.0056},
  doi       = {10.1006/inco.1996.0056},
  timestamp = {Wed, 06 Jul 2011 21:24:06 +0200},
  biburl    = {http://dblp.uni-trier.de/rec/bib/journals/iandc/Brookes96},
  bibsource = {dblp computer science bibliography, http://dblp.org}
}

@inproceedings{DBLP:conf/concur/Brookes84,
  author    = {Stephen D. Brookes},
  title     = {On the Axiomatic Treatment of Concurrency},
  booktitle = {Seminar on Concurrency, Carnegie-Mellon University, Pittsburg, PA,
               USA, July 9-11, 1984},
  pages     = {1--34},
  year      = {1984},
  crossref  = {DBLP:conf/concur/1984},
  url       = {http://dx.doi.org/10.1007/3-540-15670-4_1},
  doi       = {10.1007/3-540-15670-4_1},
  timestamp = {Tue, 13 Oct 2009 13:20:53 +0200},
  biburl    = {http://dblp.uni-trier.de/rec/bib/conf/concur/Brookes84},
  bibsource = {dblp computer science bibliography, http://dblp.org}
}

@proceedings{DBLP:conf/concur/1984,
  editor    = {Stephen D. Brookes and
               A. W. Roscoe and
               Glynn Winskel},
  title     = {Seminar on Concurrency, Carnegie-Mellon University, Pittsburg, PA,
               USA, July 9-11, 1984},
  series    = {Lecture Notes in Computer Science},
  volume    = {197},
  publisher = {Springer},
  year      = {1985},
  isbn      = {3-540-15670-4},
  timestamp = {Mon, 19 Aug 2002 11:16:32 +0200},
  biburl    = {http://dblp.uni-trier.de/rec/bib/conf/concur/1984},
  bibsource = {dblp computer science bibliography, http://dblp.org}
}

@inproceedings{DBLP:conf/lics/Brooks93,
  author    = {Stephen D. Brookes},
  title     = {Full Abstraction for a Shared Variable Parallel Language},
  booktitle = {Proceedings of the Eighth Annual Symposium on Logic in Computer Science
               {(LICS} '93), Montreal, Canada, June 19-23, 1993},
  pages     = {98--109},
  year      = {1993},
  crossref  = {DBLP:conf/lics/1993},
  url       = {http://dx.doi.org/10.1109/LICS.1993.287596},
  doi       = {10.1109/LICS.1993.287596},
  timestamp = {Thu, 22 Jan 2015 08:25:57 +0100},
  biburl    = {http://dblp.uni-trier.de/rec/bib/conf/lics/Brooks93},
  bibsource = {dblp computer science bibliography, http://dblp.org}
}

@proceedings{DBLP:conf/lics/1993,
  title     = {Proceedings of the Eighth Annual Symposium on Logic in Computer Science
               {(LICS} '93), Montreal, Canada, June 19-23, 1993},
  publisher = {{IEEE} Computer Society},
  year      = {1993},
  url       = {http://ieeexplore.ieee.org/xpl/mostRecentIssue.jsp?punumber=899},
  isbn      = {0-8186-3140-6},
  timestamp = {Fri, 21 Nov 2014 14:08:56 +0100},
  biburl    = {http://dblp.uni-trier.de/rec/bib/conf/lics/1993},
  bibsource = {dblp computer science bibliography, http://dblp.org}
}

@inproceedings{DBLP:conf/concur/BoerKPR91,
  author    = {Frank S. de Boer and
               Joost N. Kok and
               Catuscia Palamidessi and
               Jan J. M. M. Rutten},
  title     = {The Failure of Failures in a Paradigm for Asynchronous Communication},
  booktitle = {{CONCUR} '91, 2nd International Conference on Concurrency Theory,
               Amsterdam, The Netherlands, August 26-29, 1991, Proceedings},
  pages     = {111--126},
  year      = {1991},
  crossref  = {DBLP:conf/concur/1991},
  url       = {http://dx.doi.org/10.1007/3-540-54430-5_84},
  doi       = {10.1007/3-540-54430-5_84},
  timestamp = {Tue, 13 Oct 2009 15:05:14 +0200},
  biburl    = {http://dblp.uni-trier.de/rec/bib/conf/concur/BoerKPR91},
  bibsource = {dblp computer science bibliography, http://dblp.org}
}

@proceedings{DBLP:conf/concur/1991,
  editor    = {Jos C. M. Baeten and
               Jan Friso Groote},
  title     = {{CONCUR} '91, 2nd International Conference on Concurrency Theory,
               Amsterdam, The Netherlands, August 26-29, 1991, Proceedings},
  series    = {Lecture Notes in Computer Science},
  volume    = {527},
  publisher = {Springer},
  year      = {1991},
  isbn      = {3-540-54430-5},
  timestamp = {Mon, 21 Oct 2002 14:48:59 +0200},
  biburl    = {http://dblp.uni-trier.de/rec/bib/conf/concur/1991},
  bibsource = {dblp computer science bibliography, http://dblp.org}
}


@inproceedings{conf/utp/Butterfield16,
  editor    = {Jonathan Bowen and Huibiao Zhu},
  author    = {Andrew Butterfield},
  title     = {{UTPCalc} --- A calculator for {UTP} {P}redicates},
  booktitle = {Unifying Theories of Programming - Sixth International Symposium,
               {UTP} 2016, Reykjavik, Iceland, June 4--5, 2016. Proceedings},
  pages     = {1--20},
  year      = {2016},
}
