@inproceedings{DBLP:conf/icfem/WoodcockH02,
  author    = {Jim Woodcock and
               Arthur P. Hughes},
  editor    = {Chris George and
               Huaikou Miao},
  title     = {Unifying Theories of Parallel Programming},
  booktitle = {Formal Methods and Software Engineering, 4th International Conference
               on Formal Engineering Methods, {ICFEM} 2002 Shanghai, China, October
               21-25, 2002, Proceedings},
  series    = {Lecture Notes in Computer Science},
  volume    = {2495},
  pages     = {24--37},
  publisher = {Springer},
  year      = {2002},
  url       = {http://dx.doi.org/10.1007/3-540-36103-0_5},
  doi       = {10.1007/3-540-36103-0_5},
  timestamp = {Mon, 04 Jul 2011 09:36:40 +0200},
  biburl    = {http://dblp.uni-trier.de/rec/bib/conf/icfem/WoodcockH02},
  bibsource = {dblp computer science bibliography, http://dblp.org}
}

@InProceedings{conf/popl/Dinsdale-YoungBGPY13,
  title =	"Views: compositional reasoning for concurrent
		 programs",
  author =	"Thomas Dinsdale-Young and Lars Birkedal and Philippa
		 Gardner and Matthew J. Parkinson and Hongseok Yang",
  booktitle =	"The 40th Annual {ACM} {SIGPLAN}-{SIGACT} Symposium on
		 Principles of Programming Languages, {POPL} '13, Rome,
		 Italy - January 23 - 25, 2013",
  publisher =	"ACM",
  year = 	"2013",
  editor =	"Roberto Giacobazzi and Radhia Cousot",
  ISBN = 	"978-1-4503-1832-7",
  pages =	"287--300",
}

@article{DI75, author = {Dijkstra, Edsger W.},
   title = {{Guarded Commands, Nondeterminacy and Formal Derivation of Programs}},
   journal = {Commun. ACM},
   volume = {18},
   issue = {8},
   month = {August},
   year = {1975},
   issn = {0001-0782},
   pages = {453--457},
   numpages = {5},
   url = {http://doi.acm.org/10.1145/360933.360975},
   doi = {http://doi.acm.org/10.1145/360933.360975},
   acmid = {360975},
   publisher = {ACM},
   address = {New York, NY, USA},
   keywords = {case-construction, correctness proof, derivation of programs, nondeterminancy, program semantics, programming language semantics, programming languages, programming methodology, repetition, sequencing primitives, termination}
}

@book{CM94, author = {Carroll C. Morgan},
   title = {{Programming From Specifications, 2nd Edition}},
   publisher = {Prentice Hall},
   series = {Prentice Hall International series in computer science},
   year = {1994},
   isbn = {978-0-13-123274-7},
   pages = {I-XV, 1-332},
   bibsource = {DBLP, http://dblp.uni-trier.de}
}


@inproceedings{HH98, author = {Jifeng He and C. A. R. Hoare},
   title = {{Unifying Theories of Programming}},
   booktitle = {RelMiCS},
   year = {1998},
   pages = {97-99},
   crossref = {DBLP:conf/RelMiCS/1998},
   bibsource = {DBLP, http://dblp.uni-trier.de}
}

@Book{Hoare-He98,
  author =	"C. A. R. Hoare and Jifeng He",
  title =	"Unifying Theories of Programming",
  publisher =	"Prentice-Hall International",
  year = 	"1998",
  address =	"Englewood Cliffs, NJ",
}

@InProceedings{PODC::BackK1983,
  title =	"Decentralization of Process Nets with Centralized
		 Control",
  author =	"R. J. R. Back and R. Kurki-Suonio",
  booktitle =	"Proceedings of the Second Annual {ACM}
		 {SIGACT}-{SIGOPS} Symposium on Principles of
		 Distributed Computing",
  month =	"17--19~" # aug,
  year = 	"1983",
  address =	"Montreal, Quebec, Canada",
  pages =	"131--142",
}

@Book{1976:book:dijkstra,
  author =	"Edsger W. Dijkstra",
  title =	"A Discipline of Programming",
  publisher =	"Prentice-Hall",
  address =	"Englewood Cliffs , NJ , USA",
  series =	"Series in Automatic Computation",
  year = 	"1976",
}

@article{DBLP:journals/iandc/Brookes96,
	Author = {Stephen D. Brookes},
	Bibsource = {dblp computer science bibliography, http://dblp.org},
	Biburl = {http://dblp.uni-trier.de/rec/bib/journals/iandc/Brookes96},
	Doi = {10.1006/inco.1996.0056},
	Journal = {Inf. Comput.},
	Number = {2},
	Pages = {145--163},
	Timestamp = {Wed, 06 Jul 2011 21:24:06 +0200},
	Title = {Full Abstraction for a Shared-Variable Parallel Language},
	Url = {http://dx.doi.org/10.1006/inco.1996.0056},
	Volume = {127},
	Year = {1996},
	Bdsk-Url-1 = {http://dx.doi.org/10.1006/inco.1996.0056}}

@inproceedings{DBLP:conf/concur/Brookes84,
	Author = {Stephen D. Brookes},
	Bibsource = {dblp computer science bibliography, http://dblp.org},
	Biburl = {http://dblp.uni-trier.de/rec/bib/conf/concur/Brookes84},
	Booktitle = {Seminar on Concurrency, Carnegie-Mellon University, Pittsburg, PA, USA, July 9-11, 1984},
	Crossref = {DBLP:conf/concur/1984},
	Doi = {10.1007/3-540-15670-4_1},
	Pages = {1--34},
	Timestamp = {Tue, 13 Oct 2009 13:20:53 +0200},
	Title = {On the Axiomatic Treatment of Concurrency},
	Url = {http://dx.doi.org/10.1007/3-540-15670-4_1},
	Year = {1984},
	Bdsk-Url-1 = {http://dx.doi.org/10.1007/3-540-15670-4_1}}

@proceedings{DBLP:conf/concur/1984,
	Bibsource = {dblp computer science bibliography, http://dblp.org},
	Biburl = {http://dblp.uni-trier.de/rec/bib/conf/concur/1984},
	Editor = {Stephen D. Brookes and A. W. Roscoe and Glynn Winskel},
	Isbn = {3-540-15670-4},
	Publisher = {Springer},
	Series = {Lecture Notes in Computer Science},
	Timestamp = {Mon, 19 Aug 2002 11:16:32 +0200},
	Title = {Seminar on Concurrency, Carnegie-Mellon University, Pittsburg, PA, USA, July 9-11, 1984},
	Volume = {197},
	Year = {1985}}

@inproceedings{DBLP:conf/lics/Brooks93,
	Author = {Stephen D. Brookes},
	Bibsource = {dblp computer science bibliography, http://dblp.org},
	Biburl = {http://dblp.uni-trier.de/rec/bib/conf/lics/Brooks93},
	Booktitle = {Proceedings of the Eighth Annual Symposium on Logic in Computer Science {(LICS} '93), Montreal, Canada, June 19-23, 1993},
	Crossref = {DBLP:conf/lics/1993},
	Doi = {10.1109/LICS.1993.287596},
	Pages = {98--109},
	Timestamp = {Thu, 22 Jan 2015 08:25:57 +0100},
	Title = {Full Abstraction for a Shared Variable Parallel Language},
	Url = {http://dx.doi.org/10.1109/LICS.1993.287596},
	Year = {1993},
	Bdsk-Url-1 = {http://dx.doi.org/10.1109/LICS.1993.287596}}

@proceedings{DBLP:conf/lics/1993,
	Bibsource = {dblp computer science bibliography, http://dblp.org},
	Biburl = {http://dblp.uni-trier.de/rec/bib/conf/lics/1993},
	Isbn = {0-8186-3140-6},
	Publisher = {{IEEE} Computer Society},
	Timestamp = {Fri, 21 Nov 2014 14:08:56 +0100},
	Title = {Proceedings of the Eighth Annual Symposium on Logic in Computer Science {(LICS} '93), Montreal, Canada, June 19-23, 1993},
	Url = {http://ieeexplore.ieee.org/xpl/mostRecentIssue.jsp?punumber=899},
	Year = {1993},
	Bdsk-Url-1 = {http://ieeexplore.ieee.org/xpl/mostRecentIssue.jsp?punumber=899}}

@inproceedings{DBLP:conf/concur/BoerKPR91,
	Author = {Frank S. de Boer and Joost N. Kok and Catuscia Palamidessi and Jan J. M. M. Rutten},
	Bibsource = {dblp computer science bibliography, http://dblp.org},
	Biburl = {http://dblp.uni-trier.de/rec/bib/conf/concur/BoerKPR91},
	Booktitle = {{CONCUR} '91, 2nd International Conference on Concurrency Theory, Amsterdam, The Netherlands, August 26-29, 1991, Proceedings},
	Crossref = {DBLP:conf/concur/1991},
	Doi = {10.1007/3-540-54430-5_84},
	Pages = {111--126},
	Timestamp = {Tue, 13 Oct 2009 15:05:14 +0200},
	Title = {The Failure of Failures in a Paradigm for Asynchronous Communication},
	Url = {http://dx.doi.org/10.1007/3-540-54430-5_84},
	Year = {1991},
	Bdsk-Url-1 = {http://dx.doi.org/10.1007/3-540-54430-5_84}}

@proceedings{DBLP:conf/concur/1991,
	Bibsource = {dblp computer science bibliography, http://dblp.org},
	Biburl = {http://dblp.uni-trier.de/rec/bib/conf/concur/1991},
	Editor = {Jos C. M. Baeten and Jan Friso Groote},
	Isbn = {3-540-54430-5},
	Publisher = {Springer},
	Series = {Lecture Notes in Computer Science},
	Timestamp = {Mon, 21 Oct 2002 14:48:59 +0200},
	Title = {{CONCUR} '91, 2nd International Conference on Concurrency Theory, Amsterdam, The Netherlands, August 26-29, 1991, Proceedings},
	Volume = {527},
	Year = {1991}}
