% Encoding: UTF-8

@InProceedings{Calcagno2007,
  author    = {Cristiano Calcagno and Peter W. O'Hearn and Hongseok Yang},
  title     = {Local Action and Abstract Separation Logic},
  year      = {2007},
  pages     = {366--378},
  publisher = {IEEE Computer Society},
  bibdate   = {2014-11-21},
  bibsource = {DBLP, http://dblp.uni-trier.de/db/conf/lics/lics2007.html#CalcagnoOY07},
  crossref  = {2007},
  isbn      = {0-7695-2908-9},
}

@InCollection{Foster2015,
  author    = {Simon Foster and Jim Woodcock},
  title     = {Mechanised Theory Engineering in Isabelle},
  booktitle = {Dependable Software Systems Engineering},
  year      = {2015},
  pages     = {246--287},
  bibsource = {dblp computer science bibliography, http://dblp.org},
  biburl    = {http://dblp.uni-trier.de/rec/bib/series/natosec/FosterW15},
  crossref  = {Irlbeck2015},
  doi       = {10.3233/978-1-61499-495-4-246},
  timestamp = {Fri, 12 Feb 2016 07:36:54 +0100},
  url       = {http://dx.doi.org/10.3233/978-1-61499-495-4-246},
}

@InProceedings{Ellis1993,
  author        = {Clarence A. Ellis and Gary J. Nutt},
  title         = {Modeling and Enactment of Workflow Systems},
  booktitle     = {Application and Theory of Petri Nets 1993, 14th International Conference, Chicago, Illinois, USA, June 21-25, 1993, Proceedings},
  year          = {1993},
  pages         = {1--16},
  __markedentry = {[butrfeld:]},
  bibsource     = {dblp computer science bibliography, http://dblp.org},
  biburl        = {http://dblp.uni-trier.de/rec/bib/conf/apn/EllisN93},
  crossref      = {Marsan1993},
  doi           = {10.1007/3-540-56863-8_36},
  timestamp     = {Sat, 19 Sep 2009 20:42:52 +0200},
  url           = {http://dx.doi.org/10.1007/3-540-56863-8_36},
}

@InProceedings{Batty2015,
  author        = {Mark Batty and Kayvan Memarian and Kyndylan Nienhuis and Jean Pichon{-}Pharabod and Peter Sewell},
  title         = {The Problem of Programming Language Concurrency Semantics},
  booktitle     = {Programming Languages and Systems - 24th European Symposium on Programming, {ESOP} 2015, Held as Part of the European Joint Conferences on Theory and Practice of Software, {ETAPS} 2015, London, UK, April 11-18, 2015. Proceedings},
  year          = {2015},
  pages         = {283--307},
  __markedentry = {[butrfeld:]},
  bibsource     = {dblp computer science bibliography, http://dblp.org},
  biburl        = {http://dblp.uni-trier.de/rec/bib/conf/esop/BattyMNPS15},
  crossref      = {Vitek2015},
  doi           = {10.1007/978-3-662-46669-8_12},
  timestamp     = {Tue, 07 Apr 2015 15:19:02 +0200},
  url           = {http://dx.doi.org/10.1007/978-3-662-46669-8_12},
}

@InProceedings{Pesic2007a,
  author        = {Maja Pesic and Helen Schonenberg and Wil M. P. van der Aalst},
  title         = {{DECLARE:} Full Support for Loosely-Structured Processes},
  booktitle     = {11th {IEEE} International Enterprise Distributed Object Computing Conference {(EDOC} 2007), 15-19 October 2007, Annapolis, Maryland, {USA}},
  year          = {2007},
  pages         = {287--300},
  __markedentry = {[butrfeld:]},
  bibsource     = {dblp computer science bibliography, http://dblp.org},
  biburl        = {http://dblp.uni-trier.de/rec/bib/conf/edoc/PesicSA07},
  crossref      = {2007a},
  doi           = {10.1109/EDOC.2007.25},
  timestamp     = {Thu, 25 Jun 2015 17:37:08 +0200},
  url           = {http://dx.doi.org/10.1109/EDOC.2007.25},
}

@InProceedings{He1998,
  author        = {Jifeng He and C. A. R. Hoare},
  title         = {{Unifying Theories of Programming}},
  booktitle     = {RelMiCS},
  year          = {1998},
  pages         = {97-99},
  __markedentry = {[butrfeld:6]},
  bibsource     = {DBLP, http://dblp.uni-trier.de},
  crossref      = {DBLP:conf/RelMiCS/1998},
}

@InProceedings{Brookes1984b,
  author        = {Stephen D. Brookes},
  title         = {On the Axiomatic Treatment of Concurrency},
  booktitle     = {Seminar on Concurrency, Carnegie-Mellon University, Pittsburg, PA, USA, July 9-11, 1984},
  year          = {1984},
  pages         = {1--34},
  __markedentry = {[butrfeld:6]},
  bdsk-url-1    = {http://dx.doi.org/10.1007/3-540-15670-4_1},
  bibsource     = {dblp computer science bibliography, http://dblp.org},
  biburl        = {http://dblp.uni-trier.de/rec/bib/conf/concur/Brookes84},
  crossref      = {Brookes1985b},
  doi           = {10.1007/3-540-15670-4_1},
  timestamp     = {Tue, 13 Oct 2009 13:20:53 +0200},
  url           = {http://dx.doi.org/10.1007/3-540-15670-4_1},
}

@InProceedings{Brookes1993b,
  author        = {Stephen D. Brookes},
  title         = {Full Abstraction for a Shared Variable Parallel Language},
  booktitle     = {Proceedings of the Eighth Annual Symposium on Logic in Computer Science {(LICS} '93), Montreal, Canada, June 19-23, 1993},
  year          = {1993},
  pages         = {98--109},
  __markedentry = {[butrfeld:6]},
  bdsk-url-1    = {http://dx.doi.org/10.1109/LICS.1993.287596},
  bibsource     = {dblp computer science bibliography, http://dblp.org},
  biburl        = {http://dblp.uni-trier.de/rec/bib/conf/lics/Brooks93},
  crossref      = {1993b},
  doi           = {10.1109/LICS.1993.287596},
  timestamp     = {Thu, 22 Jan 2015 08:25:57 +0100},
  url           = {http://dx.doi.org/10.1109/LICS.1993.287596},
}

@InProceedings{Boer1991b,
  author        = {Frank S. de Boer and Joost N. Kok and Catuscia Palamidessi and Jan J. M. M. Rutten},
  title         = {The Failure of Failures in a Paradigm for Asynchronous Communication},
  booktitle     = {{CONCUR} '91, 2nd International Conference on Concurrency Theory, Amsterdam, The Netherlands, August 26-29, 1991, Proceedings},
  year          = {1991},
  pages         = {111--126},
  __markedentry = {[butrfeld:6]},
  bdsk-url-1    = {http://dx.doi.org/10.1007/3-540-54430-5_84},
  bibsource     = {dblp computer science bibliography, http://dblp.org},
  biburl        = {http://dblp.uni-trier.de/rec/bib/conf/concur/BoerKPR91},
  crossref      = {Baeten1991b},
  doi           = {10.1007/3-540-54430-5_84},
  timestamp     = {Tue, 13 Oct 2009 15:05:14 +0200},
  url           = {http://dx.doi.org/10.1007/3-540-54430-5_84},
}

@InProceedings{Brookes1984,
  author     = {Stephen D. Brookes},
  title      = {On the Axiomatic Treatment of Concurrency},
  booktitle  = {Seminar on Concurrency, Carnegie-Mellon University, Pittsburg, PA, USA, July 9-11, 1984},
  year       = {1984},
  pages      = {1--34},
  bdsk-url-1 = {http://dx.doi.org/10.1007/3-540-15670-4_1},
  bibsource  = {dblp computer science bibliography, http://dblp.org},
  biburl     = {http://dblp.uni-trier.de/rec/bib/conf/concur/Brookes84},
  crossref   = {Brookes1985},
  doi        = {10.1007/3-540-15670-4_1},
  timestamp  = {Tue, 13 Oct 2009 13:20:53 +0200},
  url        = {http://dx.doi.org/10.1007/3-540-15670-4_1},
}

@InProceedings{Brookes1993,
  author     = {Stephen D. Brookes},
  title      = {Full Abstraction for a Shared Variable Parallel Language},
  booktitle  = {Proceedings of the Eighth Annual Symposium on Logic in Computer Science {(LICS} '93), Montreal, Canada, June 19-23, 1993},
  year       = {1993},
  pages      = {98--109},
  bdsk-url-1 = {http://dx.doi.org/10.1109/LICS.1993.287596},
  bibsource  = {dblp computer science bibliography, http://dblp.org},
  biburl     = {http://dblp.uni-trier.de/rec/bib/conf/lics/Brooks93},
  crossref   = {1993},
  doi        = {10.1109/LICS.1993.287596},
  timestamp  = {Thu, 22 Jan 2015 08:25:57 +0100},
  url        = {http://dx.doi.org/10.1109/LICS.1993.287596},
}

@InProceedings{Boer1991,
  author     = {Frank S. de Boer and Joost N. Kok and Catuscia Palamidessi and Jan J. M. M. Rutten},
  title      = {The Failure of Failures in a Paradigm for Asynchronous Communication},
  booktitle  = {{CONCUR} '91, 2nd International Conference on Concurrency Theory, Amsterdam, The Netherlands, August 26-29, 1991, Proceedings},
  year       = {1991},
  pages      = {111--126},
  bdsk-url-1 = {http://dx.doi.org/10.1007/3-540-54430-5_84},
  bibsource  = {dblp computer science bibliography, http://dblp.org},
  biburl     = {http://dblp.uni-trier.de/rec/bib/conf/concur/BoerKPR91},
  crossref   = {Baeten1991},
  doi        = {10.1007/3-540-54430-5_84},
  timestamp  = {Tue, 13 Oct 2009 15:05:14 +0200},
  url        = {http://dx.doi.org/10.1007/3-540-54430-5_84},
}

@Misc{Marlow2008,
  author       = {Simon Marlow},
  title        = {{[Haskell-cafe] Re:} {C}an you do everything without shared-memory concurrency?},
  howpublished = {https://mail.haskell.org/pipermail/haskell-cafe/2008-September/047312.html},
  month        = {Sep},
  year         = {2008},
  note         = {viewed 2015-10-14},
}

@Misc{Lemming2014,
  author       = {Lemming},
  title        = {{P}arallelism vs. {C}oncurrency},
  howpublished = {https://wiki.haskell.org/Parallelism\_vs.\_Concurrency},
  month        = {Mar},
  year         = {2014},
  note         = {Date as per most recent edit, viewed 2015-10-14},
}

@Misc{Marlow2009,
  author       = {Simon Marlow},
  title        = {Parallelism /= {C}oncurrency},
  howpublished = {https://ghcmutterings.wordpress.com/2009/10/06/parallelism-concurrency/},
  month        = {Oct},
  year         = {2009},
  note         = {viewed 2015-10-14},
}

@Misc{Wikipedia2015,
  author       = {Wikipedia},
  title        = {Concurrent computing},
  howpublished = {https://en.wikipedia.org/wiki/Concurrent\_computing},
  month        = {Oct},
  year         = {2015},
  note         = {viewed 2015-10-14},
}

@Misc{Wikipedia2015a,
  author       = {Wikipedia},
  title        = {Parallel computing},
  howpublished = {https://en.wikipedia.org/wiki/Parallel\_computing},
  month        = {Oct},
  year         = {2015},
  note         = {viewed 2015-10-14},
}

@Misc{Harper2011,
  author       = {Robert Harper},
  title        = {Paralleism is not {C}oncurrency},
  howpublished = {https://existentialtype.wordpress.com/2011/03/17/parallelism-is-not-concurrency/},
  month        = {Mar},
  year         = {2011},
  note         = {viewed 2015-10-14},
}

@Proceedings{2007,
  title     = {22nd {IEEE} Symposium on Logic in Computer Science {(LICS} 2007), 10-12 July 2007, Wroclaw, Poland, Proceedings},
  year      = {2007},
  publisher = {{IEEE} Computer Society},
  isbn      = {0-7695-2908-9},
  bibsource = {dblp computer science bibliography, http://dblp.org},
  biburl    = {http://dblp.uni-trier.de/rec/bib/conf/lics/2007},
  timestamp = {Fri, 21 Nov 2014 14:08:55 +0100},
  url       = {http://ieeexplore.ieee.org/xpl/mostRecentIssue.jsp?punumber=4276538},
}

@Article{Jones1983,
  author  = {Cliff B. Jones},
  title   = {Tentative Steps Toward a Development Method for Interfering Programs},
  journal = {TOPLAS},
  year    = {1983},
  volume  = {5},
  number  = {4},
  pages   = {596--619},
}

@Article{Owicki1976,
  author  = {Susan Owicki and David Gries},
  title   = {An Axiomatic Proof Technique for Parallel Programs},
  journal = {Acta Informatica},
  year    = {1976},
  volume  = {6},
  number  = {4},
  pages   = {319--340},
}

@Article{Ahmed2007,
  author    = {Amal Ahmed and Matthew Fluet and Greg Morrisett},
  title     = {{L}$^3$: {A} Linear Language with Locations},
  journal   = {Fundam. Inform},
  year      = {2007},
  volume    = {77},
  number    = {4},
  pages     = {397--449},
  bibdate   = {2015-05-18},
  bibsource = {DBLP, http://dblp.uni-trier.de/db/journals/fuin/fuin77.html#AhmedFM07},
}

@Article{Morrisett1999,
  author  = {Greg Morrisett and David Walker and Karl Crary and Neal Glew},
  title   = {From {System-F} to Typed Assembly Language},
  journal = {ACM Transactions on Programming Languages and Systems},
  year    = {1999},
  volume  = {21},
  number  = {3},
  pages   = {527--568},
  month   = may,
}

@InProceedings{Smith2000,
  author    = {Frederick Smith and David Walker and J. Gregory Morrisett},
  title     = {Alias Types},
  booktitle = {ESOP '00: Proceedings of the 9th European Symposium on Programming Languages and Systems},
  year      = {2000},
  pages     = {366--381},
  address   = {London, UK},
  publisher = {Springer-Verlag},
  isbn      = {3-540-67262-1},
  keywords  = {nonstandard types},
}

@InProceedings{Foster2014,
  author    = {Simon Foster and Frank Zeyda and Jim Woodcock},
  title     = {Isabelle/{UTP}: {A} Mechanised Theory Engineering Framework},
  booktitle = {Unifying Theories of Programming - 5th International Symposium, {UTP} 2014, Singapore, May 13, 2014, Revised Selected Papers},
  year      = {2014},
  pages     = {21--41},
  bibsource = {dblp computer science bibliography, http://dblp.org},
  biburl    = {http://dblp.uni-trier.de/rec/bib/conf/utp/FosterZW14},
  doi       = {10.1007/978-3-319-14806-9_2},
  timestamp = {Wed, 07 Jan 2015 14:37:15 +0100},
  url       = {http://dx.doi.org/10.1007/978-3-319-14806-9_2},
}

@InProceedings{Zhu2012,
  author    = {Huibiao Zhu and Jeff W. Sanders and Jifeng He and Shengchao Qin},
  title     = {Denotational Semantics for a Probabilistic Timed Shared-Variable Language},
  booktitle = {Unifying Theories of Programming, 4th International Symposium, {UTP} 2012, Paris, France, August 27-28, 2012, Revised Selected Papers},
  year      = {2012},
  pages     = {224--247},
  bibsource = {dblp computer science bibliography, http://dblp.org},
  biburl    = {http://dblp.uni-trier.de/rec/bib/conf/utp/ZhuSHQ12},
  doi       = {10.1007/978-3-642-35705-3_11},
  timestamp = {Wed, 30 Jan 2013 16:08:33 +0100},
  url       = {http://dx.doi.org/10.1007/978-3-642-35705-3_11},
}

@InProceedings{Chen2010,
  author    = {Xin Chen and Nan Ye and Wenxu Ding},
  title     = {A Formal Approach to Analyzing Interference Problems in Aspect-Oriented Designs},
  booktitle = {Unifying Theories of Programming - Third International Symposium, {UTP} 2010, Shanghai, China, November 15-16, 2010. Proceedings},
  year      = {2010},
  pages     = {157--171},
  bibsource = {dblp computer science bibliography, http://dblp.org},
  biburl    = {http://dblp.uni-trier.de/rec/bib/conf/utp/ChenYD10},
  doi       = {10.1007/978-3-642-16690-7_7},
  timestamp = {Sat, 20 Nov 2010 20:43:20 +0100},
  url       = {http://dx.doi.org/10.1007/978-3-642-16690-7_7},
}

@InProceedings{Zhao2010,
  author    = {Yongxin Zhao and Xu Wang and Huibiao Zhu},
  title     = {Towards a Pomset Semantics for a Shared-Variable Parallel Language},
  booktitle = {Unifying Theories of Programming - Third International Symposium, {UTP} 2010, Shanghai, China, November 15-16, 2010. Proceedings},
  year      = {2010},
  pages     = {271--285},
  bibsource = {dblp computer science bibliography, http://dblp.org},
  biburl    = {http://dblp.uni-trier.de/rec/bib/conf/utp/ZhaoWZ10},
  doi       = {10.1007/978-3-642-16690-7_14},
  timestamp = {Sat, 20 Nov 2010 20:43:20 +0100},
  url       = {http://dx.doi.org/10.1007/978-3-642-16690-7_14},
}

@InProceedings{Rudiak-Gould2006,
  author    = {Ben Rudiak-Gould and Alan Mycroft and Simon L. Peyton Jones},
  title     = {Haskell Is Not Not {ML}},
  booktitle = {ESOP},
  year      = {2006},
  editor    = {Peter Sestoft},
  volume    = {3924},
  series    = {Lecture Notes in Computer Science},
  pages     = {38--53},
  publisher = {Springer},
  bibdate   = {2006-12-06},
  bibsource = {DBLP, http://dblp.uni-trier.de/db/conf/esop/esop2006.html#Rudiak-GouldMJ06},
  isbn      = {3-540-33095-X},
  url       = {http://dx.doi.org/10.1007/11693024},
}

@Book{Bird2014,
  title     = {Thinking Functionally with Haskell},
  publisher = {Cambridge Univ. Press},
  year      = {2014},
  author    = {R. Bird},
  month     = dec,
  abstract  = {{"}... enables students to apply calculational
		 reasoning to their programs, both to understand their
		 properties and to make them more efficient. The book
		 has been designed to fit a first- or second-year
		 undergraduate course and is a thorough overhaul and
		 replacement of his earlier textbooks. It features case
		 studies in Sudoku and pretty-printing, and over 100
		 carefully selected exercises with solutions. ...{"} 1st
		 ed 2014; pb us\$44;
		 http://www.amazon.com/gp/product/1107452643/?tag=fourwheeldrivein
		 ; . 2017(?!) hb us\$86;
		 http://www.amazon.com/gp/product/1107087201/?tag=fourwheeldrivein
		 ; . [Also search for: FP Haskell book].},
  keywords  = {book, text, c2014, c201x, c20xx, zz0315, FP, functional, programming, Haskell, computer, L1Ref, L2Ref},
  pages     = {354},
}

@Book{Marlow2010,
  title     = {Haskell 2010 {L}anguage {R}eport},
  publisher = {Haskell Community},
  year      = {2010},
  editor    = {Simon Marlow},
  note      = {\url{https://www.haskell.org/definition/haskell2010.pdf}},
}

@InProceedings{Butterfield2016,
  author    = {Andrew Butterfield and Anila Mjeda and John Noll},
  title     = {{UTP Semantics for Shared-State, Concurrent, Context-Sensitive Process Models}},
  booktitle = {TASE 2016 10th International Symposium on Theoretical Aspects of Software Engineering},
  year      = {2016},
  editor    = {Marcello Bonsangue and Yuxin Deng},
  pages     = {93--100},
  month     = jul,
  publisher = {IEEE},
  doi       = {10.1109/TASE.2016.22},
}

@InProceedings{Butterfield2010,
  author    = {Andrew Butterfield},
  title     = {Saoith{\'{\i}}n: {A} Theorem Prover for {UTP}},
  booktitle = {Unifying Theories of Programming - Third International Symposium, {UTP} 2010, Shanghai, China, November 15-16, 2010. Proceedings},
  year      = {2010},
  pages     = {137--156},
  bibsource = {dblp computer science bibliography, http://dblp.org},
  biburl    = {http://dblp.uni-trier.de/rec/bib/conf/utp/Butterfield10},
  doi       = {10.1007/978-3-642-16690-7_6},
  timestamp = {Sat, 20 Nov 2010 20:43:20 +0100},
  url       = {http://dx.doi.org/10.1007/978-3-642-16690-7_6},
}

@InProceedings{Butterfield2012,
  author    = {Andrew Butterfield},
  title     = {The Logic of \emph{U} {\(\cdot\)}(\emph{TP})\({}^{\mbox{2}}\)},
  booktitle = {Unifying Theories of Programming, 4th International Symposium, {UTP} 2012, Paris, France, August 27-28, 2012, Revised Selected Papers},
  year      = {2012},
  pages     = {124--143},
  bibsource = {dblp computer science bibliography, http://dblp.org},
  biburl    = {http://dblp.uni-trier.de/rec/bib/conf/utp/Butterfield12},
  doi       = {10.1007/978-3-642-35705-3_6},
  timestamp = {Wed, 30 Jan 2013 16:08:33 +0100},
  url       = {http://dx.doi.org/10.1007/978-3-642-35705-3_6},
}

@Misc{,
  title = {Manifesto for Agile Software Development},
  note  = {http://agilemanifesto.org},
  key   = {AgileManifesto},
}

@Article{Fowler2001,
  author  = {Martin Fowler and Jim Highsmith},
  title   = {The {Agile} {Manifesto}},
  journal = {Software Development Magazine},
  year    = {2001},
  volume  = {9(8)},
  month   = aug,
  note    = {http://agilemanifesto.org},
}

@Article{Gibbons2014,
  author          = {Jeremy Gibbons and Nicolas Wu},
  title           = {Folding domain-specific languages: deep and shallow embeddings (functional Pearl)},
  journal         = {ACM SIG{\-}PLAN Notices},
  year            = {2014},
  volume          = {49},
  number          = {9},
  pages           = {339--347},
  month           = sep,
  issn            = {0362-1340 (print), 1523-2867 (print), 1558-1160
		 (electronic)},
  abstract        = {A domain-specific language can be implemented by
		 embedding within a general-purpose host language. This
		 embedding may be deep or shallow, depending on whether
		 terms in the language construct syntactic or semantic
		 representations. The deep and shallow styles are
		 closely related, and intimately connected to folds; in
		 this paper, we explore that connection.},
  acknowledgement = {Nelson H. F. Beebe, University of Utah, Department of Mathematics, 110 LCB, 155 S 1400 E RM 233, Salt Lake City, UT 84112-0090, USA, Tel: +1 801 581 5254, FAX: +1 801 581 4148, e-mail: \path|beebe@math.utah.edu|, \path|beebe@acm.org|, \path|beebe@computer.org| (Internet), URL: \path|http://www.math.utah.edu/~beebe/|},
  bibdate         = {Tue May 12 17:41:21 MDT 2015},
  bibsource       = {http://www.math.utah.edu/pub/tex/bib/sigplan2010.bib},
  coden           = {SINODQ},
  doi             = {http://dx.doi.org/10.1145/2692915.2628138},
  doi-url         = {http://dx.doi.org/10.1145/2692915.2628138},
  fjournal        = {ACM SIGPLAN Notices},
  issn-l          = {0362-1340},
  journal-url     = {http://portal.acm.org/browse_dl.cfm?idx=J706},
  remark          = {ICFP '14 conference proceedings.},
}

@Article{Feather1982,
  author     = {Feather, Martin S.},
  title      = {A System for Assisting Program Transformation},
  journal    = {ACM Trans. Program. Lang. Syst.},
  year       = {1982},
  volume     = {4},
  number     = {1},
  pages      = {1--20},
  month      = jan,
  issn       = {0164-0925},
  acmid      = {357154},
  address    = {New York, NY, USA},
  doi        = {10.1145/357153.357154},
  issue_date = {Jan. 1982},
  numpages   = {20},
  publisher  = {ACM},
  url        = {http://doi.acm.org/10.1145/357153.357154},
}

@InProceedings{Smith1990,
  author    = {Douglas R. Smith},
  title     = {{KIDS} - {A Knowledge-Based Software Development System}},
  booktitle = {Automating Software Design},
  year      = {1990},
  pages     = {483--514},
  publisher = {MIT Press},
}

@InProceedings{Bergstra1996,
  author    = {Jan A. Bergstra and Paul Klint},
  title     = {The Discrete Time {TOOLBUS}},
  booktitle = {AMAST},
  year      = {1996},
  editor    = {Martin Wirsing and Maurice Nivat},
  volume    = {1101},
  series    = {Lecture Notes in Computer Science},
  pages     = {286--305},
  publisher = {Springer},
  bibdate   = {2011-06-24},
  bibsource = {DBLP, http://dblp.uni-trier.de/db/conf/amast/amast96.html#BergstraK96},
  isbn      = {3-540-61463-X},
  url       = {http://dx.doi.org/10.1007/BFb0014323},
}

@Article{VanDenBrand2002,
  author          = {M. G. J. {Van Den Brand} and J. Heering and P. Klint and P. A. Olivier},
  title           = {Compiling language definitions: the {ASF+SDF} compiler},
  journal         = {ACM Transactions on Programming Languages and Systems},
  year            = {2002},
  volume          = {24},
  number          = {4},
  pages           = {334--368},
  month           = jul,
  issn            = {0164-0925 (print), 1558-4593 (electronic)},
  acknowledgement = {Nelson H. F. Beebe, University of Utah, Department of Mathematics, 110 LCB, 155 S 1400 E RM 233, Salt Lake City, UT 84112-0090, USA, Tel: +1 801 581 5254, FAX: +1 801 581 4148, e-mail: \path|beebe@math.utah.edu|, \path|beebe@acm.org|, \path|beebe@computer.org| (Internet), URL: \path|http://www.math.utah.edu/~beebe/|},
  bibdate         = {Wed Apr 9 18:34:45 MDT 2003},
  bibsource       = {http://www.acm.org/pubs/contents/journals/toplas/; http://www.math.utah.edu/pub/tex/bib/toplas.bib},
  coden           = {ATPSDT},
  fjournal        = {ACM Transactions on Programming Languages and Systems},
  issn-l          = {0164-0925},
  journal-url     = {http://portal.acm.org/browse_dl.cfm?idx=J783},
}

@InProceedings{Visser2001,
  author    = {Eelco Visser},
  title     = {Stratego: {A} Language for Program Transformation Based on Rewriting Strategies},
  booktitle = {Rewriting Techniques and Applications, 12th International Conference, {RTA} 2001, Utrecht, The Netherlands, May 22-24, 2001, Proceedings},
  year      = {2001},
  editor    = {Aart Middeldorp},
  volume    = {2051},
  series    = {Lecture Notes in Computer Science},
  pages     = {357--362},
  publisher = {Springer},
  bibdate   = {2009-09-23},
  bibsource = {DBLP, http://dblp.uni-trier.de/db/conf/rta/rta2001.html#Visser01},
  isbn      = {3-540-42117-3},
  url       = {http://dx.doi.org/10.1007/3-540-45127-7_27},
}

@Book{Bauer1987,
  title     = {The Munich Project CIP, Volume {II:} The Program Transformation System {CIP-S}},
  publisher = {Springer},
  year      = {1987},
  author    = {Friedrich L. Bauer and Herbert Ehler and A. Horsch and Bernhard M{\"{o}}ller and Helmuth Partsch and O. Paukner and Peter Pepper},
  volume    = {292},
  series    = {Lecture Notes in Computer Science},
  isbn      = {3-540-18779-0},
  bibsource = {dblp computer science bibliography, http://dblp.org},
  biburl    = {http://dblp.uni-trier.de/rec/bib/books/sp/BauerEH87},
  doi       = {10.1007/3-540-18779-0},
  timestamp = {Fri, 24 Jun 2011 20:39:24 +0200},
  url       = {http://dx.doi.org/10.1007/3-540-18779-0},
}

@Article{Carette2009,
  author    = {Jacques Carette and Oleg Kiselyov and Chung-chieh Shan},
  title     = {Finally tagless, partially evaluated: Tagless staged interpreters for simpler typed languages},
  journal   = {J. Funct. Program},
  year      = {2009},
  volume    = {19},
  number    = {5},
  pages     = {509--543},
  bibdate   = {2009-12-21},
  bibsource = {DBLP, http://dblp.uni-trier.de/db/journals/jfp/jfp19.html#CaretteKS09},
  url       = {http://dx.doi.org/10.1017/S0956796809007205},
}

@InProceedings{Winter2005,
  author    = {Victor L. Winter and Jason Beranek},
  title     = {Program Transformation Using {HATS} 1.84},
  booktitle = {GTTSE},
  year      = {2005},
  editor    = {Ralf L{\"a}mmel and Jo{\~a}o Saraiva and Joost Visser},
  volume    = {4143},
  series    = {Lecture Notes in Computer Science},
  pages     = {378--396},
  publisher = {Springer},
  bibdate   = {2011-06-14},
  bibsource = {DBLP, http://dblp.uni-trier.de/db/conf/gttse/gttse2006.html#WinterB06},
  isbn      = {3-540-45778-X},
  url       = {http://dx.doi.org/10.1007/11877028_15},
}

@InCollection{Hughes1995,
  author       = {John Hughes},
  title        = {The Design of a Pretty-printing Library},
  booktitle    = {Advanced Functional Programming},
  publisher    = {Springer Verlag},
  year         = {1995},
  editor       = {J. Jeuring and E. Meijer},
  volume       = {925},
  series       = {LNCS},
  abstract-url = {http://www.cs.chalmers.se/~rjmh/Papers/pretty.html},
  keywords     = {pretty-printing combinators formal methods lazy evaluation},
  scope        = {appl},
  url          = {http://www.cs.chalmers.se/~rjmh/Papers/pretty.ps},
}

@InProceedings{Arthan1996,
  author    = {R. D. Arthan},
  title     = {Undefinedness in {Z}: Issues for specification and proof},
  booktitle = {Proc.\ Mechanization of Partial Functions Workshop, affiliated to CADE-13, New Brunswick},
  year      = {1996},
  editor    = {William Farmer and Manfred Kerber and Michael Kohlhase},
  pages     = {3--12},
  file      = {:C\:\\Documents and Settings\\butrfeld\\My Documents\\Library\\Catalogued\\Arthan-undefined-Z-MPFW06.pdf:PDF},
  owner     = {butrfeld},
  timestamp = {2010.07.21},
  url       = {ftp://ftp.cs.bham.ac.uk/pub/authors/M.Kerber/96-CADE-WS/Arthan.ps.gz},
}

@InProceedings{Aspinall2000,
  author    = {David Aspinall},
  title     = {Proof General: {A} Generic Tool for Proof Development},
  booktitle = {TACAS},
  year      = {2000},
  editor    = {Susanne Graf and Michael I. Schwartzbach},
  volume    = {1785},
  series    = {LNCS},
  pages     = {38--42},
  publisher = {Springer},
  bibdate   = {2002-01-03},
  bibsource = {DBLP, http://dblp.uni-trier.de/db/conf/tacas/tacas2000.html#Aspinall00},
  isbn      = {3-540-67282-6},
  owner     = {butrfeld},
  timestamp = {2010.07.21},
  url       = {http://link.springer.de/link/service/series/0558/bibs/1785/17850038.htm},
}

@InProceedings{Baader1998,
  author    = {F. Baader and M. Leucker},
  title     = {Comparison of two Semantic Approaches to Unification},
  booktitle = {Proceedings of the 12th International Workshop on Unification},
  year      = {1998},
  number    = {SI-98/8},
  series    = {Research Report},
  address   = {Universita di Roma, La Sapienza},
  month     = jun,
  file      = {:C\:\\Documents and Settings\\butrfeld\\My Documents\\Library\\Catalogued\\Baader-Leucker-sem-unify-WU98.pdf:PDF},
  owner     = {butrfeld},
  timestamp = {2010.08.19},
  url       = {http://www-i2.informatik.rwth-aachen.de/leucker/Literatur/Ps_files/leucker_baader__unif98.ps.gz},
}

@Book{Bertot2004,
  title     = {Interactive theorem proving and program development: {Coq'Art}: the calculus of inductive constructions},
  publisher = {Springer Verlag},
  year      = {2004},
  author    = {Yves Bertot and P. (Pierre) Cast{\'e}ran},
  series    = {Texts in theoretical computer science},
  isbn      = {3-540-20854-2 (hardcover)},
  owner     = {butrfeld},
  pages     = {469},
  timestamp = {2010.07.21},
}

@InProceedings{Bertot1994,
  author    = {Yves Bertot and Gilles Kahn and Laurent Th{\'e}ry},
  title     = {Proof by Pointing},
  booktitle = {Theoretical Aspects of Computer Software, International Conference {TACS} '94, Sendai, Japan, April 19-22, 1994, Proceedings},
  year      = {1994},
  editor    = {Masami Hagiya and John C. Mitchell},
  volume    = {789},
  series    = {LNCS},
  pages     = {141--160},
  publisher = {Springer},
  isbn      = {3-540-57887-0},
  owner     = {butrfeld},
  timestamp = {2010.07.21},
}

@InBook{Blamey1986,
  chapter   = {Partial Logic},
  pages     = {1--70},
  title     = {Handbook of Philosophical Logic},
  publisher = {Kluwer Academic},
  year      = {1986},
  author    = {Stephen Blamey},
  editor    = {D. Gabbay and F. Guenthner},
  volume    = {III},
}

@Misc{Brecknell2007,
  author       = {Matthew Brecknell},
  title        = {Automatic file closing after readFile},
  howpublished = {Haskell Google-Group},
  month        = {Oct},
  year         = {2007},
  url          = {http://groups.google.co.id/group/fa.haskell/browse_thread/thread/13b35fceacdee26f},
}

@InCollection{Cerioli1999,
  author    = {Maura Cerioli and Till Mossakowski and Horst Reichel},
  title     = {From Total Equational to Partial First-Order Logic},
  booktitle = {Algebraic Foundations of Systems Specification},
  publisher = {Springer},
  year      = {1999},
  editor    = {E. Astesiano and H.-J. Kreowski and B. Krieg-Br{\"u}ckner},
  series    = {IFIP State-of-the-Art Reports},
  chapter   = {3},
}

@TechReport{Concrete1995,
  author      = {A Concrete and Z Grammar and Peter T. Breuer and Jonathan P. Bowen},
  title       = {A Concrete {Z} Grammar},
  institution = {Programming Research Group, University of Oxford},
  year        = {1995},
  type        = {Technical Report},
  number      = {TR-22-95},
  url         = {http://citeseer.ist.psu.edu/381916.html; ftp://ftp.comlab.ox.ac.uk/pub/Documents/techreports/TR-22-95.ps},
}

@Article{Farmer1990,
  author  = {William M. Farmer},
  title   = {A Partial Functions Version of {Church's} Simple Theory of Types},
  journal = {The Journal of Symbolic Logic},
  year    = {1990},
  volume  = {55},
  number  = {3},
  pages   = {1269--1291},
  month   = sep,
}

@Article{Feferman1995,
  author    = {Solomon Feferman},
  title     = {Definedness},
  journal   = {Erkenntnis},
  year      = {1995},
  number    = {3},
  pages     = {295--320},
  publisher = {Springer},
  vol       = {43},
}

@Book{George1995,
  title     = {The {RAISE} Development Method},
  publisher = {Prentice Hall Int.},
  year      = {1995},
  author    = {C. George and A. E. Haxthausen and S. Hughes and R. Milne and S. Prehn and J. S. Pedersen},
  series    = {The {BCS} Practitioners Series},
}

@Book{Gries1994,
  title     = {A Logical Approach to Discrete Math},
  publisher = {Springer-Verlag},
  year      = {1994},
  author    = {David Gries and Fred B. Schneider},
  series    = {Texts and Monographs in Computer Science},
  address   = {New York, NY},
  annote    = {45 references.},
}

@InProceedings{Hoare1985,
  author    = {Hoare,, C. A. R.},
  title     = {Programs are predicates},
  booktitle = {Proc. of a discussion meeting of the Royal Society of London on Mathematical logic and programming languages},
  year      = {1985},
  pages     = {141--155},
  address   = {Upper Saddle River, NJ, USA},
  publisher = {Prentice-Hall, Inc.},
  file      = {:C\:\\Documents and Settings\\butrfeld\\My Documents\\Library\\Catalogued\\programs-are-predicates-hoare.pdf:PDF},
  isbn      = {0-13-561465-1},
  location  = {London, United Kingdom},
  owner     = {butrfeld},
  timestamp = {2010.07.22},
}

@Article{Hutton1998,
  author    = {Graham Hutton and Erik Meijer},
  title     = {Monadic Parsing in Haskell},
  journal   = {J. Funct. Program},
  year      = {1998},
  volume    = {8},
  number    = {4},
  pages     = {437--444},
  file      = {:C\:\\Documents and Settings\\butrfeld\\My Documents\\Library\\Catalogued\\monadic-parsing-JFP98l.pdf:PDF},
  owner     = {butrfeld},
  timestamp = {2008.11.20},
}

@TechReport{Hutton1996,
  author      = {Graham Hutton and Erik Meijer},
  title       = {Monadic Parser Combinators},
  institution = {University of Nottingham},
  year        = {1996},
  type        = {Technical Report},
  number      = {NOTTCS-TR-96-4},
  month       = dec,
  file        = {:C\:\\Documents and Settings\\butrfeld\\My Documents\\Library\\Catalogued\\monadic-parsing-TR96.pdf:PDF},
  keywords    = {monads, parsing, combinators},
  owner       = {butrfeld},
  timestamp   = {2008.11.20},
  url         = {http://www.cs.nott.ac.uk/Department/Staff/gmh/bib.html#monparsing},
}

@Article{Jones1994,
  author  = {C. B. Jones and C. A. Middelburg},
  title   = {A Typed Logic of Partial Functions Reconstructed Classically},
  journal = {Acta Informatica},
  year    = {1994},
  volume  = {31},
  number  = {5},
  pages   = {399--430},
}

@Misc{Jones1999,
  author = {S. Peyton Jones and J. Hughes and L. Augustsson and D. Barton and B. Boutel and W. Burton and J. Fasel and K. Hammond and R. Hinze and P. Hudak and T. Johnsson and M. Jones and J. Launchbury and E. Meijer and J. Peterson and A. Reid and C. Runciman and P. Wadler.},
  title  = {Report on the Programming Language Haskell 98},
  month  = feb,
  year   = {1999},
  note   = {http://haskell.org/onlinereport/},
  url    = {http://haskell.org/onlinereport/},
}

@TechReport{Leijen2001,
  author      = {Daan Leijen},
  title       = {Parsec, a Fast Combinator Parser},
  institution = {University of Utrecht},
  year        = {2001},
  address     = {University of Utrecht; Dept . of Computer Science; PO.Box 80.089 , 3508 TB Utrecht; The Netherlands},
  month       = {Oct 4},
  file        = {:C\:\\Documents and Settings\\butrfeld\\My Documents\\Library\\Catalogued\\parsec.pdf:PDF},
  url         = {http://legacy.cs.uu.nl/daan/download/parsec/parsec.pdf},
}

@TechReport{Leijen2001a,
  author      = {Daan Leijen and Erik Meijer},
  title       = {Parsec: Direct Style Monadic Parser Combinators for the Real World},
  institution = {Department of Computer Science, Universiteit Utrecht},
  year        = {2001},
  number      = {UU-CS-2001-27},
}

@InProceedings{Malik2005,
  author    = {Petra Malik and Mark Utting},
  title     = {{CZT}: {A} Framework for {Z} Tools},
  booktitle = {{ZB} 2005: Formal Specification and Development in {Z} and {B}},
  year      = {2005},
  editor    = {Helen Treharne and Steve King and Martin C. Henson and Steve A. Schneider},
  volume    = {3455},
  series    = {LNCS},
  pages     = {65--84},
  publisher = {Springer},
  bibdate   = {2005-05-03},
  bibsource = {DBLP, http://dblp.uni-trier.de/db/conf/zum/zb2005.html#MalikU05},
  isbn      = {3-540-25559-1},
  owner     = {butrfeld},
  timestamp = {2010.07.21},
  url       = {http://dx.doi.org/10.1007/11415787_5},
}

@InProceedings{Mehta2008,
  author    = {Farhad Mehta},
  title     = {A Practical Approach to Partiality - {A} Proof Based Approach},
  booktitle = {Formal Methods and Software Engineering, 10th International Conference on Formal Engineering Methods, {ICFEM} 2008},
  year      = {2008},
  editor    = {Shaoying Liu and T. S. E. Maibaum and Keijiro Araki},
  volume    = {5256},
  series    = {LNCS},
  pages     = {238--257},
  publisher = {Springer},
  file      = {:C\:\\Documents and Settings\\butrfeld\\My Documents\\Library\\Catalogued\\Mehta-practical-partiality-ICFEM2008.pdf:PDF},
  isbn      = {978-3-540-88193-3},
  owner     = {butrfeld},
  timestamp = {2010.07.21},
  url       = {http://dx.doi.org/10.1007/978-3-540-88194-0_16},
}

@Manual{Morgan1989,
  title        = {Laws of the Logical Calculi},
  author       = {Carrol Morgan and J. W. Sanders},
  organization = {Oxford University Computing Laboratory, Programming Research Group},
  year         = {1989},
  file         = {:C\:\\Documents and Settings\\butrfeld\\My Documents\\Library\\Catalogued\\LLC\\Laws-of-the-Logical-Calculi.pdf:PDF},
  owner        = {butrfeld},
  timestamp    = {2008.10.18},
}

@Article{Morris1999,
  author  = {Joseph M. Morris and Alexander Bunkenburg},
  title   = {A Logic for Reasoning Equationally in the Presence of Partiality},
  journal = {Sci. Comput. Program},
  year    = {1999},
  volume  = {34},
  number  = {2},
  pages   = {141--158},
}

@Article{Morris1998,
  author  = {Joseph M. Morris and Alexander Bunkenburg},
  title   = {Partiality and Nondeterminacy in Program Proofs},
  journal = {Formal Asp. Comput},
  year    = {1998},
  volume  = {10},
  number  = {1},
  pages   = {76--96},
}

@Book{Nipkow2002,
  title     = {Isabelle/{HOL} - {A} Proof Assistant for Higher-Order Logic},
  publisher = {Springer},
  year      = {2002},
  author    = {Tobias Nipkow and Lawrence C. Paulson and Markus Wenzel},
  volume    = {2283},
  series    = {LNCS},
  isbn      = {3-540-43376-7},
  bibdate   = {2002-04-23},
  owner     = {butrfeld},
  timestamp = {2010.07.21},
  url       = {http://link.springer.de/link/service/series/0558/tocs/t2283.htm},
}

@InProceedings{Nuka2006,
  author    = {Gift Nuka and Jim Woodcock},
  title     = {Mechanising a Unifying Theory},
  booktitle = {Unifying Theories of Programming, First International Symposium, {UTP} 2006},
  year      = {2006},
  editor    = {Steve Dunne and Bill Stoddart},
  volume    = {4010},
  series    = {LNCS},
  pages     = {217--235},
  publisher = {Springer},
  file      = {:C\:\\Documents and Settings\\butrfeld\\My Documents\\Library\\Catalogued\\UTP
	2006\\Nuka-Woodcock-Mechanising-UTP06.pdf:PDF},
  isbn      = {3-540-34750-X},
  owner     = {butrfeld},
  timestamp = {2010.07.21},
  url       = {http://dx.doi.org/10.1007/11768173_13},
}

@Article{Nuka2004,
  author    = {Gift Nuka and Jim Woodcock},
  title     = {Mechanising the Alphabetised Relational Calculus},
  journal   = {Electr. Notes Theor. Comput. Sci},
  year      = {2004},
  volume    = {95},
  pages     = {209--225},
  bibdate   = {2004-07-28},
  bibsource = {DBLP, http://dblp.uni-trier.de/db/journals/entcs/entcs95.html#NukaW04},
  owner     = {butrfeld},
  timestamp = {2010.07.21},
  url       = {http://dx.doi.org/10.1016/j.entcs.2004.04.013},
}

@Book{OSullivan2009,
  title     = {Mercurial: The Definitive Guide},
  publisher = {O'Reilly Media},
  year      = {2009},
  author    = {Bryan {O'Sullivan}},
  month     = {June},
  isbn      = {978-0-596-80067-3},
  pages     = {288},
  url       = {http://oreilly.com/catalog/9780596801311},
}

@InProceedings{Oliveira2006,
  author    = {Marcel Oliveira and Ana Cavalcanti and Jim Woodcock},
  title     = {Unifying Theories in ProofPower-{Z}},
  booktitle = {Unifying Theories of Programming, First International Symposium, {UTP} 2006},
  year      = {2006},
  editor    = {Steve Dunne and Bill Stoddart},
  volume    = {4010},
  series    = {LNCS},
  pages     = {123--140},
  publisher = {Springer},
  file      = {:C\:\\Documents and Settings\\butrfeld\\My Documents\\Library\\Catalogued\\UTP
	2006\\Oliveira-Cavalcanti-Woodcock-ProofPower-UTP06.pdf:PDF},
  isbn      = {3-540-34750-X},
  owner     = {butrfeld},
  timestamp = {2010.07.21},
  url       = {http://dx.doi.org/10.1007/11768173_8},
}

@Article{Oliveira2009,
  author    = {Marcel Oliveira and Ana Cavalcanti and Jim Woodcock},
  title     = {A {UTP} semantics for Circus},
  journal   = {Formal Asp. Comput},
  year      = {2009},
  volume    = {21},
  number    = {1-2},
  pages     = {3--32},
  file      = {:C\:\\Documents and Settings\\butrfeld\\My Documents\\Library\\Catalogued\\Oliveira-Cav-Wood-UTP-sem-Circus.FACJ07.pdf:PDF},
  owner     = {butrfeld},
  timestamp = {2010.07.21},
  url       = {http://dx.doi.org/10.1007/s00165-007-0052-5},
}

@InProceedings{Oliveira2006a,
  author    = {Marcel Oliveira and Ana Cavalcanti and Jim Woodcock},
  title     = {A Denotational Semantics for Circus},
  booktitle = {REFINE 2006},
  year      = {2006},
  pages     = {1-16},
  publisher = {ENTCS},
  file      = {:C\:\\Documents and Settings\\butrfeld\\My Documents\\Library\\Articles\\Circus-Semantics-REFINE06.pdf:PDF},
  owner     = {butrfeld},
  timestamp = {2008.04.25},
}

@PhdThesis{Oliveira2005,
  author    = {Marcel Vin\'{i}cius Medeiros Oliveira},
  title     = {Formal Derivation of State-Rich Reactive Programs using \textit{\textsf{Circus}}},
  school    = {University of York},
  year      = {2005},
  file      = {:C\:\\Documents and Settings\\butrfeld\\My Documents\\Library\\Catalogued\\marcel-oliveira-phd-thesis.pdf:PDF},
  keywords  = {UTP, Circus, state-rich reactive processes, formal methods},
  owner     = {butrfeld},
  timestamp = {2008.10.17},
}

@Article{Owe1993,
  author  = {Olaf Owe},
  title   = {Partial Logics Reconsidered: {A} Conservative Approach},
  journal = {Formal Aspects of Computing},
  year    = {1993},
  volume  = {5},
  number  = {3},
  pages   = {208--223},
}

@TechReport{Paulson1988,
  author      = {Lawrence C Paulson},
  title       = {The Foundation of a Generic Theorem Prover},
  institution = {Computer Laboratory, University of Cambridge},
  year        = {1988},
  number      = {TR-130},
  month       = mar,
  file        = {:C\:\\Documents and Settings\\butrfeld\\My Documents\\Library\\Catalogued\\Paulson-Isabelle-foundations-Cambs-130.pdf:PDF},
  owner       = {butrfeld},
  timestamp   = {2010.08.23},
  url         = {ftp://ftp.cl.cam.ac.uk/papers/reports/TR130-lcp-generic-theorem-prover.dvi.gz},
}

@Book{Peyton-Jones1992,
  title     = {Implementing Functional Languages: {A} Tutorial},
  publisher = {Prentice-Hall},
  year      = {1992},
  author    = {Simon L. Peyton-Jones and David Lester},
  series    = {International Series in Computer Science},
}

@Book{Prawitz1956,
  title     = {{N}atural {D}eduction --- {A} {P}roof-{T}heoretical {S}tudy},
  publisher = {Dover Press},
  year      = {1956},
  author    = {Dag Prawitz},
  note      = {2006 reprint of 1956 book},
}

@InProceedings{Sarkar2004,
  author    = {Dipanwita Sarkar and Oscar Waddell and R. Kent Dybvig},
  title     = {A nanopass infrastructure for compiler education},
  booktitle = {Proceedings of the Ninth {ACM} {SIGPLAN} International Conference on Functional Programming, {ICFP} 2004},
  year      = {2004},
  editor    = {Chris Okasaki and Kathleen Fisher},
  pages     = {201--212},
  publisher = {ACM},
  isbn      = {1-58113-905-5},
  url       = {http://doi.acm.org/10.1145/1016850.1016878},
}

@Article{Schieder1999,
  author  = {Schieder and Broy},
  title   = {Adapting Calculational Logic to the Undefined},
  journal = {The Computer Journal},
  year    = {1999},
  volume  = {42},
  pages   = {73--81},
}

@InProceedings{Shankar1996,
  author    = {Natarajan Shankar},
  title     = {{PVS}: Combining Specification, Proof Checking, and Model Checking},
  booktitle = {Formal Methods in Computer-Aided Design, First International Conference, {FMCAD} '96},
  year      = {1996},
  editor    = {Mandayam K. Srivas and Albert John Camilleri},
  volume    = {1166},
  series    = {LNCS},
  pages     = {257--264},
  publisher = {Springer},
  isbn      = {3-540-61937-2},
}

@Book{Spivey1992,
  title     = {The {Z} Notation: {A} Reference Manual},
  publisher = {Prentice Hall International Series in Computer Science},
  year      = {1992},
  author    = {J. M. Spivey},
  edition   = {2nd},
  isbn_issn = {013-978529-9},
  url       = {http://spivey.oriel.ox.ac.uk/~mike/zrm/zrm.pdf},
}

@TechReport{CDT2008,
  author      = {{The Coq Development Team}},
  title       = {The Coq Proof Assistant, Reference Manual, Version 8.2},
  institution = {INRIA},
  year        = {2008},
  address     = {Roquencourt, France},
  owner       = {butrfeld},
  timestamp   = {2010.07.21},
  url         = {http://coq.inria.fr/refman/},
}

@Article{Tourlakis2001,
  author    = {George Tourlakis},
  title     = {On the Soundness and Completeness of Equational Predicate Logics},
  journal   = {J. Log. Comput.},
  year      = {2001},
  volume    = {11},
  number    = {4},
  pages     = {623-653},
  bibsource = {DBLP, http://dblp.uni-trier.de},
  ee        = {http://www3.oup.co.uk/logcom/hdb/Volume_11/Issue_04/110623.sgm.abs.html},
  file      = {:C\:\\Documents and Settings\\butrfeld\\My Documents\\Library\\Catalogued\\Tourlakis-Eqn-Logic-JLC01.pdf:PDF},
  owner     = {butrfeld},
  timestamp = {2010.08.23},
}

@InProceedings{Utting2000,
  author       = {Mark Utting},
  title        = {Data structures for {Z} testing tools},
  booktitle    = {FMTOOLS 2000},
  year         = {2000},
  number       = {TR 2000-07},
  organization = {Information Faculty, Univ. of Ulm},
  file         = {:C\:\\Documents and Settings\\butrfeld\\My Documents\\Library\\Catalogued\\Utting-jaza-FM-TOOLS-2000.pdf:PDF},
}

@InProceedings{Wadler1998,
  author    = {Philip Wadler},
  title     = {A prettier printer},
  booktitle = {Journal of Functional Programming},
  year      = {1998},
  pages     = {223--244},
  publisher = {Palgrave Macmillan Publishers Ltd},
}

@Manual{Wenzel2010,
  title     = {The Isabelle/Isar Reference Manual},
  author    = {Makarius Wenzel},
  month     = {June},
  year      = {2010},
  owner     = {butrfeld},
  timestamp = {2010.07.21},
  url       = {http://www.cl.cam.ac.uk/research/hvg/Isabelle/dist/Isabelle/doc/isar-ref.pdf},
}

@InProceedings{Woodclock1991,
  author    = {J. C. P. Woodclock and S. M. Brien},
  title     = {W: A Logic for Z},
  booktitle = {Proceedings of the Z User Workshop},
  year      = {1991},
  pages     = {77--96},
  address   = {London, UK},
  publisher = {Springer-Verlag},
  isbn      = {3-540-19780-X},
}

@Article{Woodcock2005,
  author    = {Jim Woodcock and Ana Cavalcanti and Leonardo Freitas},
  title     = {Operational Semantics for Model Checking Circus},
  journal   = {TBD},
  year      = {2005},
  pages     = {x-x+15},
  file      = {:C\:\\Documents and Settings\\butrfeld\\My Documents\\Library\\Articles\\Circus-OpSem-MC-XXX05.pdf:PDF},
  owner     = {butrfeld},
  timestamp = {2008.04.25},
}

@InProceedings{Zeyda2008,
  author    = {Frank Zeyda and Ana Cavalcanti},
  title     = {Encoding {\textit{Circus}} Programs in {ProofPower-Z}},
  booktitle = {Unifying Theories of Programming, Second International Symposium, {UTP} 2008},
  year      = {2008},
  editor    = {Andrew Butterfield},
  volume    = {5713},
  series    = {LNCS},
  pages     = {218-237},
  publisher = {Springer},
  file      = {:C\:\\Documents and Settings\\butrfeld\\My Documents\\Library\\Catalogued\\UTP
	2008\\Zeyda-Cavalcanti-Circus-Proofpower-UTP08.pdf:PDF},
  owner     = {butrfeld},
  timestamp = {2010.06.03},
}

@Article{Zeydatoappear,
  author    = {Frank Zeyda and Ana Cavalcanti},
  title     = {Mechanical Reasoning about Families of {UTP} Theories},
  journal   = {Science of Computer Programming},
  year      = {to appear},
  file      = {:C\:\\Documents and Settings\\butrfeld\\My Documents\\Library\\Catalogued\\Zeyda-Cavalcanti-Mech-UTP-SCP.pdf:PDF},
  owner     = {butrfeld},
  timestamp = {2010.07.20},
}

@Article{Zeyda2009,
  author    = {Frank Zeyda and Ana Cavalcanti},
  title     = {Mechanical Reasoning about Families of {UTP} Theories},
  journal   = {Electr. Notes Theor. Comput. Sci},
  year      = {2009},
  volume    = {240},
  pages     = {239--257},
  file      = {:C\:\\Documents and Settings\\butrfeld\\My Documents\\Library\\Catalogued\\Zeyda-Cavalcanti-Mech-UTP-SBMF08.pdf:PDF},
  owner     = {butrfeld},
  timestamp = {2010.07.20},
  url       = {http://dx.doi.org/10.1016/j.entcs.2009.05.055},
}

@Proceedings{Wiedijk2006,
  title     = {The Seventeen Provers of the World, Foreword by Dana {S}. Scott},
  year      = {2006},
  editor    = {Freek Wiedijk},
  volume    = {3600},
  series    = {Lecture Notes in Computer Science},
  publisher = {Springer},
  isbn      = {3-540-30704-4},
  bibdate   = {2006-03-06},
  bibsource = {DBLP, http://dblp.uni-trier.de/db/conf/tphol/lncs3600.html},
  booktitle = {The Seventeen Provers of the World},
}

@InProceedings{Clavel2003,
  author    = {Manuel Clavel and Francisco Dur{\'a}n and Steven Eker and Patrick Lincoln and Narciso Mart{\'i}-Oliet and Jos{\'e} Meseguer and Carolyn L. Talcott},
  title     = {The Maude 2.0 System},
  booktitle = {Rewriting Techniques and Applications, 14th International Conference, {RTA} 2003, Valencia, Spain, June 9-11, 2003, Proceedings},
  year      = {2003},
  editor    = {Robert Nieuwenhuis},
  volume    = {2706},
  series    = {Lecture Notes in Computer Science},
  pages     = {76--87},
  publisher = {Springer},
  bibdate   = {2011-07-05},
  bibsource = {DBLP, http://dblp.uni-trier.de/db/conf/rta/rta2003.html#ClavelDELMMT03},
  isbn      = {3-540-40254-3},
  url       = {http://dx.doi.org/10.1007/3-540-44881-0_7},
}

@Article{Burstall1977,
  author  = {R. M. Burstall and J. Darlington},
  title   = {A Transformation System for Developing Recursive Programs},
  journal = {Journal of the ACM},
  year    = {1977},
  volume  = {24},
  pages   = {44--67},
}

@Book{Irlbeck2015,
  title     = {Dependable Software Systems Engineering},
  publisher = {{IOS} Press},
  year      = {2015},
  editor    = {Maximilian Irlbeck and Doron A. Peled and Alexander Pretschner},
  volume    = {40},
  series    = {{NATO} Science for Peace and Security Series, {D:} Information and Communication Security},
  isbn      = {978-1-61499-494-7},
  bibsource = {dblp computer science bibliography, http://dblp.org},
  biburl    = {http://dblp.uni-trier.de/rec/bib/series/natosec/40},
  booktitle = {Dependable Software Systems Engineering},
  timestamp = {Fri, 12 Feb 2016 07:36:54 +0100},
}

@InProceedings{Michael1979,
  author    = {David Michael and Ritchie Park},
  title     = {On the Semantics of Fair Parallelism},
  booktitle = {Abstract Software Specifications},
  year      = {1979},
  editor    = {Dines Bj{\o}rner},
  volume    = {86},
  series    = {Lecture Notes in Computer Science},
  pages     = {504--526},
  publisher = {Springer},
  bibdate   = {2011-06-10},
  bibsource = {DBLP, http://dblp.uni-trier.de/db/conf/ac/ass1979.html#Park79},
  isbn      = {3-540-10007-5},
  url       = {http://dx.doi.org/10.1007/3-540-10007-5_47},
}

@InProceedings{Staden2014,
  author    = {Stephan van Staden},
  title     = {Constructing the Views Framework},
  booktitle = {Unifying Theories of Programming - 5th International Symposium, {UTP} 2014, Singapore, May 13, 2014, Revised Selected Papers},
  year      = {2014},
  pages     = {62--83},
  bibsource = {dblp computer science bibliography, http://dblp.org},
  biburl    = {http://dblp.uni-trier.de/rec/bib/conf/utp/Staden14},
  doi       = {10.1007/978-3-319-14806-9_4},
  timestamp = {Wed, 07 Jan 2015 14:37:15 +0100},
  url       = {http://dx.doi.org/10.1007/978-3-319-14806-9_4},
}
%% This BibTeX bibliography file was created using BibDesk.
%% http://bibdesk.sourceforge.net/


%% Created for Andrew Butterfield at 2016-01-12 11:10:52 +0000


%% Saved with string encoding Unicode (UTF-8)

@Article{Scacchi1997,
  author        = {W. Scacchi and J. Noll},
  title         = {Process-Driven Intranets - Life Cycle Support for Process reengineering},
  journal       = {IEEE Internet Computing},
  year          = {1997},
  volume        = {1},
  number        = {5},
  pages         = {42--51},
  month         = sep #{/} # oct,
  __markedentry = {[butrfeld:]},
  keyword       = {process modeling},
}

@InProceedings{Noll2002,
  author        = {John Noll and Bryce Billinger},
  title         = {Modeling coordination as resource flow: An object-based approach},
  booktitle     = {In Proceedings of the 2002 IASTED Conference on Software Engineering Applications},
  year          = {2002},
  address       = {Cambridge, USA},
  month         = nov #{~4--6},
  organization  = {IASTED},
  publisher     = {Acta Press},
  __markedentry = {[butrfeld:]},
}

@InProceedings{Noll2003,
  author        = {John Noll},
  title         = {Flexible Process Enactment Using Low-Fidelity Models},
  booktitle     = {In Proceedings of the 2003 IASTED Conference on Software Engineering Applications},
  year          = {2003},
  address       = {Marina del Ray, USA},
  month         = nov #{~3--5},
  organization  = {IASTED},
  publisher     = {Acta Press},
  __markedentry = {[butrfeld:]},
}

@InProceedings{Bernstein2000,
  author        = {Abraham Bernstein},
  title         = {How can cooperative work tools support dynamic group processes? Bridging the specificity frontier},
  booktitle     = {Proceedings of the 2000 ACM Conference on Computer Supported Cooperative Work},
  year          = {2000},
  address       = {Philadelphia, Pennsylvania, USA},
  month         = nov #{~12},
  publisher     = {ACM Press},
  __markedentry = {[butrfeld:]},
}

@InProceedings{Atkinson2003,
  author        = {Darren C. Atkinson and John Noll},
  title         = {Automated Validation and Verification of Process Models},
  booktitle     = {In Proceedings of the 2003 IASTED Conference on Software Engineering Applications},
  year          = {2003},
  address       = {Marina del Ray, USA},
  month         = nov #{~3--5},
  organization  = {IASTED},
  publisher     = {Acta Press},
  __markedentry = {[butrfeld:]},
}

@Misc{Atkinson2003a,
  author        = {Darren C. Atkinson and John Noll},
  title         = {Automated Checking of Software Process Models},
  month         = aug #{~18},
  year          = {2003},
  __markedentry = {[butrfeld:]},
  notes         = {submitted to Journal of Systems and Software},
}

@Conference{OextquoterightLeary2013,
  author        = {O{\textquoteright}Leary, Padraig and Noll, John and Richardson, Ita},
  title         = {A Resource Flow Approach to Modelling Care Pathways},
  booktitle     = {Third International Symposium on Foundations of Health Information Engineering and Systems},
  year          = {2013},
  address       = {Macau},
  month         = {08/2013},
  __markedentry = {[butrfeld:]},
  url           = {https://sharepoint.lero.ie/Publications/2013/Conference\%20Papers/2013-O\%27Leary-A\%20Resource\%20Flow\%20Approach\%20to\%20Modelling.pdf},
}

@Misc{Marlow2008a,
  author        = {Simon Marlow},
  title         = {{[Haskell-cafe] Re:} {C}an you do everything without shared-memory concurrency?},
  howpublished  = {https://mail.haskell.org/pipermail/haskell-cafe/2008-September/047312.html},
  month         = {Sep},
  year          = {2008},
  note          = {viewed 2015-10-14},
  __markedentry = {[butrfeld:]},
}

@Misc{Lemming2014a,
  author        = {Lemming},
  title         = {{P}arallelism vs. {C}oncurrency},
  howpublished  = {https://wiki.haskell.org/Parallelism\_vs.\_Concurrency},
  month         = {Mar},
  year          = {2014},
  note          = {Date as per most recent edit, viewed 2015-10-14},
  __markedentry = {[butrfeld:]},
}

@Misc{Marlow2009a,
  author        = {Simon Marlow},
  title         = {Parallelism /= {C}oncurrency},
  howpublished  = {https://ghcmutterings.wordpress.com/2009/10/06/parallelism-concurrency/},
  month         = {Oct},
  year          = {2009},
  note          = {viewed 2015-10-14},
  __markedentry = {[butrfeld:]},
}

@Misc{Wikipedia2015b,
  author        = {Wikipedia},
  title         = {Concurrent computing},
  howpublished  = {https://en.wikipedia.org/wiki/Concurrent\_computing},
  month         = {Oct},
  year          = {2015},
  note          = {viewed 2015-10-14},
  __markedentry = {[butrfeld:]},
}

@Misc{Wikipedia2015c,
  author        = {Wikipedia},
  title         = {Parallel computing},
  howpublished  = {https://en.wikipedia.org/wiki/Parallel\_computing},
  month         = {Oct},
  year          = {2015},
  note          = {viewed 2015-10-14},
  __markedentry = {[butrfeld:]},
}

@Misc{Harper2011a,
  author        = {Robert Harper},
  title         = {Paralleism is not {C}oncurrency},
  howpublished  = {https://existentialtype.wordpress.com/2011/03/17/parallelism-is-not-concurrency/},
  month         = {Mar},
  year          = {2011},
  note          = {viewed 2015-10-14},
  __markedentry = {[butrfeld:]},
}

@Unpublished{AAJ2015,
  author        = {AAJ},
  title         = {junk},
  note          = {?},
  year          = {2015},
  __markedentry = {[butrfeld:]},
}

@Article{Wang2013,
  author        = {Hua{-}Qiong Wang and Jing{-}song Li and Yi{-}Fan Zhang and Muneou Suzuki and Kenji Araki},
  title         = {Creating personalised clinical pathways by semantic interoperability with electronic health records},
  journal       = {Artificial Intelligence in Medicine},
  year          = {2013},
  volume        = {58},
  number        = {2},
  pages         = {81--89},
  __markedentry = {[butrfeld:]},
  bibsource     = {dblp computer science bibliography, http://dblp.org},
  biburl        = {http://dblp.uni-trier.de/rec/bib/journals/artmed/WangLZSA13},
  doi           = {10.1016/j.artmed.2013.02.005},
  timestamp     = {Mon, 03 Jun 2013 13:10:50 +0200},
  url           = {http://dx.doi.org/10.1016/j.artmed.2013.02.005},
}

@Article{Panella2003,
  author        = {Panella, M. and Marchisio, S. and Di Stanislao, F.},
  title         = {Reducing clinical variations with clinical pathways: do pathways work?},
  journal       = {International Journal for Quality in Health Care},
  year          = {2003},
  volume        = {15},
  number        = {6},
  pages         = {509--521},
  issn          = {1353-4505},
  __markedentry = {[butrfeld:]},
  doi           = {10.1093/intqhc/mzg057},
  isbn          = {1464-3677},
  publisher     = {The Oxford University Press},
}

@Article{Saez2013,
  author        = {S\'{a}ez, Carlos and Bres\'{o}, Adri\'{a}n and Vicente, Javier and Robles, Montserrat and Garc\'{\i}a-G\'{o}mez, Juan Miguel},
  title         = {An HL7-CDA Wrapper for Facilitating Semantic Interoperability to Rule-based Clinical Decision Support Systems},
  journal       = {Comput. Methods Prog. Biomed.},
  year          = {2013},
  volume        = {109},
  number        = {3},
  pages         = {239--249},
  month         = mar,
  __markedentry = {[butrfeld:]},
  acmid         = {2444162},
  address       = {New York, NY, USA},
  doi           = {10.1016/j.cmpb.2012.10.003},
  issue_date    = {March, 2013},
  keywords      = {API, CDA, CDSS, Clinical Decision Support Systems, EHR, Electronic Health Records, HIS, HL7, ICD, R-MIM, RIM, Reuse, Rule-based, SNOMED-CT, Semantic interoperability, XML, vMR},
  numpages      = {11},
  publisher     = {Elsevier North-Holland, Inc.},
  url           = {http://dx.doi.org/10.1016/j.cmpb.2012.10.003},
}

@Article{Marcos2013,
  author        = {Mar Marcos and Jose A. Maldonado and Begoña Martínez-Salvador and Diego Boscá and Montserrat Robles},
  title         = {Interoperability of clinical decision-support systems and electronic health records using archetypes: A case study in clinical trial eligibility},
  journal       = {Journal of Biomedical Informatics},
  year          = {2013},
  volume        = {46},
  number        = {4},
  pages         = {676 - 689},
  issn          = {1532-0464},
  __markedentry = {[butrfeld:]},
  doi           = {http://dx.doi.org/10.1016/j.jbi.2013.05.004},
  keywords      = {Clinical decision support systems, Electronic health records, Systems integration, Clinical trials, Terminology, \{SNOMED\} \{CT\}},
  url           = {http://www.sciencedirect.com/science/article/pii/S1532046413000701},
}

@Article{Huang2012,
  author        = {Huang, Zhengxing and Lu, Xudong and Duan, Huilong},
  title         = {On mining clinical pathway patterns from medical behaviors},
  journal       = {Artificial Intelligence in Medicine},
  year          = {2012},
  volume        = {56},
  number        = {2012},
  pages         = {35--50},
  __markedentry = {[butrfeld:]},
  annote        = {doi: 10.1016/j.artmed.2012.06.002},
  bdsk-url-1    = {http://dx.doi.org/10.1016/j.artmed.2012.06.002},
  doi           = {10.1016/j.artmed.2012.06.002},
  m3            = {doi: 10.1016/j.artmed.2012.06.002},
  publisher     = {Elsevier},
  ty            = {JOUR},
  url           = {http://dx.doi.org/10.1016/j.artmed.2012.06.002},
}

@Conference{Li2015,
  author        = {Xiang Li and Jing Mei and Haifeng Liu and Yiqin Yu and Guotong Xie and Jianying Hu and Fei Wang},
  title         = {Analysis of Care Pathway Variation Patterns in Patient Records},
  booktitle     = {26th Medical Informatics European Conference (MIE2015)},
  year          = {2015},
  editor        = {R. Cornet et al.},
  organization  = {European Federation for Medical Informatics (EFMI)},
  __markedentry = {[butrfeld:]},
}

@Article{Wang2015,
  author        = {Hua{-}Qiong Wang and Tian{-}Shu Zhou and Yi{-}Fan Zhang and Li Chen and Jing{-}song Li},
  title         = {Research and Development of Semantics-based Sharable Clinical Pathway Systems},
  journal       = {J. Medical Systems},
  year          = {2015},
  volume        = {39},
  number        = {7},
  pages         = {73:1--73:11},
  __markedentry = {[butrfeld:]},
  bibsource     = {dblp computer science bibliography, http://dblp.org},
  biburl        = {http://dblp.uni-trier.de/rec/bib/journals/jms/WangZZCL15},
  doi           = {10.1007/s10916-015-0257-8},
  timestamp     = {Mon, 22 Jun 2015 10:06:30 +0200},
  url           = {http://dx.doi.org/10.1007/s10916-015-0257-8},
}

@Article{Campbell1998,
  author        = {Campbell, Harry and Hotchkiss, Rona and Bradshaw, Nicola and Porteous, Mary},
  title         = {Integrated care pathways},
  journal       = {BMJ},
  year          = {1998},
  volume        = {316},
  number        = {7125},
  pages         = {133--137},
  issn          = {0959-8138},
  __markedentry = {[butrfeld:]},
  doi           = {10.1136/bmj.316.7125.133},
  isbn          = {1468-5833},
  publisher     = {BMJ Publishing Group Ltd},
}

@Article{Rotter2012,
  author        = {Rotter, Thomas and Kinsman, Leigh and James, Erica and Machotta, Andreas and Willis, Jon and Snow, Pamela and Kugler, Joachim},
  title         = {The Effects of Clinical Pathways on Professional Practice, Patient Outcomes, Length of Stay, and Hospital Costs: Cochrane Systematic Review and Meta-Analysis},
  journal       = {Evaluation and the Health Professions},
  year          = {2012},
  volume        = {35},
  number        = {1},
  pages         = {3-27},
  __markedentry = {[butrfeld:]},
  doi           = {10.1177/0163278711407313},
  eprint        = {http://ehp.sagepub.com/content/35/1/3.full.pdf+html},
  url           = {http://ehp.sagepub.com/content/35/1/3.abstract},
}

@Book{Kimberly2008,
  title         = {The globalization of managerial innovation in health care},
  publisher     = {Cambridge University Press Cambridge, UK ; New York},
  year          = {2008},
  author        = {Kimberly, John R. and Pouvourville, G\'{e}rard de. and D'Aunno, Thomas A.},
  isbn          = {9780521885003 0521885000 9780521711982 0521711983},
  __markedentry = {[butrfeld:]},
  language      = {English},
  pages         = {xiii, 379 p. ;},
  type          = {Book},
}

@Article{Kul2012,
  author        = {Kul, Seval and Barbieri, Antonella and Milan, Erika and Montag, Ilke and Vanhaecht, Kris and Panella, Massimiliano},
  title         = {Effects of care pathways on the in-hospital treatment of heart failure: a systematic review},
  journal       = {BMC Cardiovascular Disorders},
  year          = {2012},
  volume        = {12},
  number        = {1},
  pages         = {81},
  issn          = {1471-2261},
  __markedentry = {[butrfeld:]},
  doi           = {10.1186/1471-2261-12-81},
  pubmedid      = {23009030},
  url           = {http://www.biomedcentral.com/1471-2261/12/81},
}

@Article{Rotter2012a,
  author        = {Rotter, Thomas and Kinsman, Leigh and James, Erica and Machotta, Andreas and Steyerberg, Ewout},
  title         = {The quality of the evidence base for clinical pathway effectiveness: Room for improvement in the design of evaluation trials},
  journal       = {BMC Medical Research Methodology},
  year          = {2012},
  volume        = {12},
  number        = {1},
  pages         = {80},
  issn          = {1471-2288},
  __markedentry = {[butrfeld:]},
  doi           = {10.1186/1471-2288-12-80},
  pubmedid      = {22709274},
  url           = {http://www.biomedcentral.com/1471-2288/12/80},
}

@Article{Nee2008,
  author        = {Nee, O. and Hein, A. and Gorath, T. and Hulsmann, N. and Laleci, G.B. and Yuksel, M. and Olduz, M. and Tasyurt, I. and Orhan, U. and Dogac, A. and Fruntelata, A. and Ghiorghe, S. and Ludwig, R.},
  title         = {SAPHIRE: intelligent healthcare monitoring based on semantic interoperability platform: pilot applications},
  journal       = {Communications, IET},
  year          = {2008},
  volume        = {2},
  number        = {2},
  pages         = {192-201},
  month         = {February},
  issn          = {1751-8628},
  __markedentry = {[butrfeld:]},
  doi           = {10.1049/iet-com:20060699},
  keywords      = {biomedical telemetry;cardiology;decision support systems;diseases;geriatrics;health care;medical computing;medical information systems;open systems;patient care;patient monitoring;patient rehabilitation;SAPHIRE architecture;cardiac patient monitoring;chronic disease;clinical guidelines;electronic healthcare records;homecare monitoring;intelligent healthcare monitoring;rehabilitation;revascularisation therapy;semantic interoperability platform;wireless medical sensor},
}

@Article{Laleci2009,
  author        = {Laleci, G.B. and Dogac, A.},
  title         = {A Semantically Enriched Clinical Guideline Model Enabling Deployment in Heterogeneous Healthcare Environments},
  journal       = {Information Technology in Biomedicine, IEEE Transactions on},
  year          = {2009},
  volume        = {13},
  number        = {2},
  pages         = {263-273},
  month         = {March},
  issn          = {1089-7771},
  __markedentry = {[butrfeld:]},
  doi           = {10.1109/TITB.2008.2010542},
  keywords      = {Web services;biomedical telemetry;health care;medical information systems;SAPHIRE project;Web service technology;alert system;clinical guideline interface;clinical workflow;cross-enterprise document sharing;eHealth domain;electronic healthcare record;healthcare information technology;heterogeneous healthcare environment;information transmission;integrating healthcare enterprise;machine-processable mechanism;patient medical problem;reminder system;semantically enriched clinical guideline model;wireless medical sensor device;Semantic mediation;semantically enriched clinical guidelines;semiautomatic deployment and execution of guidelines;Health Services;Humans;Internet;Medical Records Systems, Computerized;Practice Guidelines as Topic;Semantics},
}

@Article{Mei2011,
  author        = {Mei, J. and Liu, H. and Xie, G. and Liu, S. and Zhou, B.},
  title         = {An OCL-compliant GELLO Engine},
  journal       = {Studies in health technology and informatics},
  year          = {2011},
  volume        = {169},
  pages         = {130-134},
  __markedentry = {[butrfeld:]},
  pubmedid      = {21893728},
  url           = {http://www.unboundmedicine.com/medline/citation/21893728/An_OCL_compliant_GELLO_Engine_},
}

@Article{Neuman2009,
  author        = {Neuman, Mark D. and Archan, Sylvia and Karlawish, Jason H. and Schwartz, J. Sanford and Fleisher, Lee A.},
  title         = {The Relationship Between Short-Term Mortality and Quality of Care for Hip Fracture: A Meta-Analysis of Clinical Pathways for Hip Fracture},
  journal       = {Journal of the American Geriatrics Society},
  year          = {2009},
  volume        = {57},
  number        = {11},
  pages         = {2046--2054},
  issn          = {1532-5415},
  __markedentry = {[butrfeld:]},
  doi           = {10.1111/j.1532-5415.2009.02492.x},
  publisher     = {Blackwell Publishing Inc},
  url           = {http://dx.doi.org/10.1111/j.1532-5415.2009.02492.x},
}

@Article{Yang2012,
  author        = {Yang, Xian and Han, Rui and Guo, Yike and Bradley, Jeremy and Cox, Benita and Dickinson, Robert and Kitney, Richard},
  title         = {Modelling and performance analysis of clinical pathways using the stochastic process algebra PEPA},
  journal       = {BMC Bioinformatics},
  year          = {2012},
  volume        = {13},
  number        = {Suppl 14},
  pages         = {S4--S4},
  __markedentry = {[butrfeld:]},
  bdsk-url-1    = {http://www.ncbi.nlm.nih.gov/pmc/articles/PMC3439723/},
  bdsk-url-2    = {http://dx.doi.org/10.1186/1471-2105-13-S14-S4},
  db            = {PMC},
  doi           = {10.1186/1471-2105-13-S14-S4},
  isbn          = {1471-2105},
  publisher     = {BioMed Central},
  ty            = {JOUR},
  u1            = {1471-2105-13-S14-S4{$[$}PII{$]$}; 23095226{$[$}pmid{$]$}},
  url           = {http://www.ncbi.nlm.nih.gov/pmc/articles/PMC3439723/},
  year1         = {2012/09/07},
}

@Article{Combi2009,
  author        = {Combi, Carlo and Gozzi, Matteo and Oliboni, Barbara and Juarez, Jose M. and Marin, Roque},
  title         = {Temporal Similarity Measures for Querying Clinical Workflows},
  journal       = {Artif. Intell. Med.},
  year          = {2009},
  volume        = {46},
  number        = {1},
  pages         = {37--54},
  month         = may,
  issn          = {0933-3657},
  __markedentry = {[butrfeld:]},
  acmid         = {1531019},
  address       = {Essex, UK},
  doi           = {10.1016/j.artmed.2008.07.013},
  issue_date    = {May, 2009},
  keywords      = {Clinical guidelines, Clinical workflows, Temporal constraint networks, Temporal similarity},
  numpages      = {18},
  publisher     = {Elsevier Science Publishers Ltd.},
  url           = {http://dx.doi.org/10.1016/j.artmed.2008.07.013},
}

@Misc{medStandards2015,
  author        = {medStandards},
  title         = {Emergency Standards},
  howpublished  = {http://www.medstandards.ch/moodle2/index.php},
  year          = {2015},
  note          = {viewed: 8th July 2015},
  __markedentry = {[butrfeld:]},
}

@Article{Yao2013,
  author        = {Wen Yao and Akhil Kumar},
  title         = {CONFlexFlow: Integrating Flexible clinical pathways into clinical decision support systems using context and rules},
  journal       = {Decision Support Systems},
  year          = {2013},
  volume        = {55},
  number        = {2},
  pages         = {499 - 515},
  issn          = {0167-9236},
  note          = {1. Analytics and Modeling for Better HealthCare 2. Decision Making in Healthcare},
  __markedentry = {[butrfeld:]},
  doi           = {http://dx.doi.org/10.1016/j.dss.2012.10.008},
  keywords      = {\{CDSS\}, Clinical pathway, Rules, Context, Ontologies, Ad hoc subprocess},
  url           = {http://www.sciencedirect.com/science/article/pii/S0167923612002631},
}

@InProceedings{Langner1998,
  author        = {Langner, Peter and Schneider, Christoph and Wehler, Joachim},
  title         = {Petri Net Based Certification of Event-Driven Process Chains},
  booktitle     = {Proceedings of the 19th International Conference on Application and Theory of Petri Nets},
  year          = {1998},
  series        = {ICATPN '98},
  pages         = {286--305},
  address       = {London, UK, UK},
  publisher     = {Springer-Verlag},
  __markedentry = {[butrfeld:]},
  acmid         = {734055},
  isbn          = {3-540-64677-9},
  numpages      = {20},
  url           = {http://dl.acm.org/citation.cfm?id=647745.734055},
}

@Misc{Aalst1999,
  author        = {der Aalst, W. M. P.},
  title         = {Formalization and Verification of Event-driven Process Chains},
  year          = {1999},
  __markedentry = {[butrfeld:]},
}

@InProceedings{Aalst2006,
  author        = {van der Aalst, W. M. P. and de Medeiros, A. K. Alves and Weijters, A. J. M. M.},
  title         = {Process Equivalence: Comparing Two Process Models Based on Observed Behavior},
  booktitle     = {Proceedings of the 4th International Conference on Business Process Management},
  year          = {2006},
  series        = {BPM'06},
  pages         = {129--144},
  address       = {Berlin, Heidelberg},
  publisher     = {Springer-Verlag},
  __markedentry = {[butrfeld:]},
  acmid         = {2107464},
  doi           = {10.1007/11841760_10},
  isbn          = {3-540-38901-6, 978-3-540-38901-9},
  keywords      = {petri nets, process equivalence, process mining},
  location      = {Vienna, Austria},
  numpages      = {16},
  url           = {http://dx.doi.org/10.1007/11841760_10},
}

@InProceedings{Aalst1996,
  author        = {{W.M.P. van der} Aalst},
  title         = {{Three Good Reasons for Using a Petri-net-based Workflow Management System}},
  booktitle     = {Proceedings of the International Working Conference on Information and Process Integration in Enterprises (IPIC'96)},
  year          = {1996},
  editor        = {S. Navathe and T. Wakayama},
  pages         = {179--201},
  address       = {Camebridge, Massachusetts},
  month         = {Nov},
  __markedentry = {[butrfeld:]},
}

@InProceedings{Ellis1995,
  author        = {Ellis, Clarence and Keddara, Karim and Rozenberg, Grzegorz},
  title         = {Dynamic Change Within Workflow Systems},
  booktitle     = {Proceedings of Conference on Organizational Computing Systems},
  year          = {1995},
  series        = {COCS '95},
  pages         = {10--21},
  address       = {New York, NY, USA},
  publisher     = {ACM},
  __markedentry = {[butrfeld:]},
  acmid         = {224021},
  doi           = {10.1145/224019.224021},
  isbn          = {0-89791-706-5},
  location      = {Milpitas, California, USA},
  numpages      = {12},
  url           = {http://doi.acm.org/10.1145/224019.224021},
}

@Proceedings{Marsan1993,
  title         = {Application and Theory of Petri Nets 1993, 14th International Conference, Chicago, Illinois, USA, June 21-25, 1993, Proceedings},
  year          = {1993},
  editor        = {Marco Ajmone Marsan},
  volume        = {691},
  series        = {Lecture Notes in Computer Science},
  publisher     = {Springer},
  isbn          = {3-540-56863-8},
  __markedentry = {[butrfeld:]},
  bibsource     = {dblp computer science bibliography, http://dblp.org},
  biburl        = {http://dblp.uni-trier.de/rec/bib/conf/apn/1993},
  timestamp     = {Fri, 01 Mar 2002 09:14:12 +0100},
}

@InCollection{Eshuis2003,
  author        = {Eshuis, Rik and Dehnert, Juliane},
  title         = {Reactive Petri Nets for Workflow Modeling},
  booktitle     = {Applications and Theory of Petri Nets 2003},
  publisher     = {Springer Berlin Heidelberg},
  year          = {2003},
  editor        = {van der Aalst, WilM.P. and Best, Eike},
  volume        = {2679},
  series        = {Lecture Notes in Computer Science},
  pages         = {296-315},
  isbn          = {978-3-540-40334-0},
  __markedentry = {[butrfeld:]},
  doi           = {10.1007/3-540-44919-1_20},
  language      = {English},
  url           = {http://dx.doi.org/10.1007/3-540-44919-1_20},
}

@Article{Heinl1999,
  author        = {Heinl, Petra and Horn, Stefan and Jablonski, Stefan and Neeb, Jens and Stein, Katrin and Teschke, Michael},
  title         = {A Comprehensive Approach to Flexibility in Workflow Management Systems},
  journal       = {SIGSOFT Softw. Eng. Notes},
  year          = {1999},
  volume        = {24},
  number        = {2},
  pages         = {79--88},
  month         = mar,
  issn          = {0163-5948},
  __markedentry = {[butrfeld:]},
  acmid         = {295675},
  address       = {New York, NY, USA},
  doi           = {10.1145/295666.295675},
  issue_date    = {March 1999},
  keywords      = {flexibility, workflow management system},
  numpages      = {10},
  publisher     = {ACM},
  url           = {http://doi.acm.org/10.1145/295666.295675},
}

@InProceedings{Reijers2006,
  author        = {Reijers, H.A.},
  title         = {Workflow Flexibility: The Forlorn Promise},
  booktitle     = {Enabling Technologies: Infrastructure for Collaborative Enterprises, 2006. WETICE '06. 15th IEEE International Workshops on},
  year          = {2006},
  pages         = {271-272},
  month         = {June},
  __markedentry = {[butrfeld:]},
  doi           = {10.1109/WETICE.2006.80},
  issn          = {1524-4547},
  keywords      = {business data processing;information systems;workflow management software;business processes;forlorn promise;workflow flexibility;workflow management system;Books;Business;Logic;Management information systems;Paper technology;Power system modeling;Programming profession;Technology management;User interfaces;Workflow management software},
}

@TechReport{Schonenberg2007,
  author        = {M. H. Schonenberg and R. S. Mans and N. C. Russell and N. A. Mulyar and W. M. P. van der Aalst},
  title         = {Towards a Taxonomy of Process Flexibility (Extended Version)},
  institution   = {In BPM Center Report},
  year          = {2007},
  number        = {BPM-07-11},
  __markedentry = {[butrfeld:]},
}

@Conference{Adam2005,
  author        = {Adam, O. and Thomas, O.},
  title         = {A Fuzzy Based Approach to the Improvement of Business Processes},
  booktitle     = {BPI´05: Workshop on Business Process Intelligence},
  year          = {2005},
  editor        = {Castellanos, M. and Weijters, T.},
  pages         = {25--35},
  address       = {Nancy, France},
  month         = {05. September 2005},
  __markedentry = {[butrfeld:]},
}

@InProceedings{Pesic2006,
  author        = {Pesic, M. and van der Aalst, W. M. P.},
  title         = {A Declarative Approach for Flexible Business Processes Management},
  booktitle     = {Proceedings of the 2006 International Conference on Business Process Management Workshops},
  year          = {2006},
  series        = {BPM'06},
  pages         = {169--180},
  address       = {Berlin, Heidelberg},
  publisher     = {Springer-Verlag},
  __markedentry = {[butrfeld:]},
  acmid         = {2135592},
  doi           = {10.1007/11837862_18},
  isbn          = {3-540-38444-8, 978-3-540-38444-1},
  keywords      = {declarative model specification, dynamic workflow, flexibility, temporal logic, workflow management},
  location      = {Vienna, Austria},
  numpages      = {12},
  url           = {http://dx.doi.org/10.1007/11837862_18},
}

@InCollection{Pesic2007,
  author        = {Pesic, M. and Schonenberg, M.H. and Sidorova, N. and van der Aalst, W.M.P.},
  title         = {Constraint-Based Workflow Models: Change Made Easy},
  booktitle     = {On the Move to Meaningful Internet Systems 2007: CoopIS, DOA, ODBASE, GADA, and IS},
  publisher     = {Springer Berlin Heidelberg},
  year          = {2007},
  editor        = {Meersman, Robert and Tari, Zahir},
  volume        = {4803},
  series        = {Lecture Notes in Computer Science},
  pages         = {77-94},
  isbn          = {978-3-540-76846-3},
  __markedentry = {[butrfeld:]},
  doi           = {10.1007/978-3-540-76848-7_7},
  language      = {English},
  url           = {http://dx.doi.org/10.1007/978-3-540-76848-7_7},
}

@InCollection{Mulyar2008,
  author        = {Mulyar, Nataliya and Pesic, Maja and van der Aalst, WilM.P. and Peleg, Mor},
  title         = {Declarative and Procedural Approaches for Modelling Clinical Guidelines: Addressing Flexibility Issues},
  booktitle     = {Business Process Management Workshops},
  publisher     = {Springer Berlin Heidelberg},
  year          = {2008},
  editor        = {ter Hofstede, Arthur and Benatallah, Boualem and Paik, Hye-Young},
  volume        = {4928},
  series        = {Lecture Notes in Computer Science},
  pages         = {335-346},
  isbn          = {978-3-540-78237-7},
  __markedentry = {[butrfeld:]},
  doi           = {10.1007/978-3-540-78238-4_35},
  keywords      = {Clinical guidelines; Computer-interpretable guidelines; flexibility; modelling languages; declarative model specification; temporal logic},
  language      = {English},
  url           = {http://dx.doi.org/10.1007/978-3-540-78238-4_35},
}

@InCollection{Grigori2001,
  author        = {Grigori, Daniela and Charoy, FranÃ§ois and Godart, Claude},
  title         = {Anticipation to Enhance Flexibility of Workflow Execution},
  booktitle     = {Database and Expert Systems Applications},
  publisher     = {Springer Berlin Heidelberg},
  year          = {2001},
  editor        = {Mayr, HeinrichC. and Lazansky, Jiri and Quirchmayr, Gerald and Vogel, Pavel},
  volume        = {2113},
  series        = {Lecture Notes in Computer Science},
  pages         = {264-273},
  isbn          = {978-3-540-42527-4},
  __markedentry = {[butrfeld:]},
  doi           = {10.1007/3-540-44759-8_27},
  language      = {English},
  url           = {http://dx.doi.org/10.1007/3-540-44759-8_27},
}

@Article{Snowdon2007,
  author        = {Snowdon, R. A. and Warboys, B. C. and Greenwood, R. M. and Holland, C. P. and Kawalek, P. J. and Shaw, D. R.},
  title         = {On the architecture and form of flexible process support},
  journal       = {Software Process: Improvement and Practice},
  year          = {2007},
  volume        = {12},
  number        = {1},
  pages         = {21--34},
  issn          = {1099-1670},
  __markedentry = {[butrfeld:]},
  doi           = {10.1002/spip.307},
  keywords      = {architecture, flexibility, process, cybernetics, software development},
  publisher     = {John Wiley \& Sons, Ltd.},
  url           = {http://dx.doi.org/10.1002/spip.307},
}

@InProceedings{Soffer2005,
  author        = {Soffer, P.},
  title         = {On the notion of flexibility in business processes},
  booktitle     = {Proceedings of the CAiSE'05 Workshops},
  year          = {2005},
  pages         = {135--42},
  __markedentry = {[butrfeld:]},
}

@InProceedings{Carlsen1997,
  author        = {Carlsen, S. and Krogstie, J. and Solvberg, A. and Lindland, O.I.},
  title         = {Evaluating flexible workflow systems},
  booktitle     = {System Sciences, 1997, Proceedings of the Thirtieth Hawaii International Conference on},
  year          = {1997},
  volume        = {2},
  pages         = {230-239 vol.2},
  month         = {Jan},
  __markedentry = {[butrfeld:]},
  doi           = {10.1109/HICSS.1997.665502},
  issn          = {1060-3425},
  keywords      = {business data processing;information systems;office automation;systems analysis;IT infrastructure transformation;active business process support;business professionals;conceptual models;expressive models;first cut ontology;flexible workflow products;flexible workflow systems evaluation;information systems;meta model;process modeling languages;process models;research opportunities;user access;work processes;workflow technology;Business communication;Business process re-engineering;Informatics;Information systems;Mass customization;Mass production;Ontologies;Prototypes;Telecommunications;Workflow management software},
}

article{Heinl99,
	author = {Heinl, Petra and Horn, Stefan and Jablonski, Stefan and Neeb, Jens and Stein, Katrin and Teschke, Michael},
	title = {A Comprehensive Approach to Flexibility in Workflow Management Systems},
	journal = {SIGSOFT Softw. Eng. Notes},
	issue_date = {March 1999},
	volume = {24},
	number = {2},
	month = mar,
	year = {1999},
	issn = {0163-5948},
	pages = {79--88},
	numpages = {10},
	url = {http://doi.acm.org/10.1145/295666.295675},
	doi = {10.1145/295666.295675},
	acmid = {295675},
	publisher = {ACM},
	address = {New York, NY, USA},
	keywords = {flexibility, workflow management system},
}

@Article{Aalst2000,
  author               = {van der Aalst, W. M. P. and Jablonski, S.},
  title                = {{Dealing with workflow change: identification of issues and solutions}},
  journal              = {International Journal of Computer Systems Science and Engineering},
  year                 = {2000},
  volume               = {15},
  number               = {5},
  pages                = {267--276},
  month                = sep,
  __markedentry        = {[butrfeld:]},
  annote               = {introducing five perspectives on workflow, and how changes in workflow can be achieved / managed},
  citeulike-article-id = {403744},
  keywords             = {bibtex-import},
  posted-at            = {2005-11-21 20:24:24},
}

@Proceedings{Dunne2006,
  title         = {Unifying Theories of Programming, First International Symposium, {UTP} 2006, Walworth Castle, County Durham, UK, February 5-7, 2006, Revised Selected Papers},
  year          = {2006},
  editor        = {Steve Dunne and Bill Stoddart},
  volume        = {4010},
  series        = {Lecture Notes in Computer Science},
  publisher     = {Springer},
  isbn          = {3-540-34750-X},
  __markedentry = {[butrfeld:]},
  bibsource     = {dblp computer science bibliography, http://dblp.org},
  biburl        = {http://dblp.uni-trier.de/rec/bib/conf/utp/2006},
  timestamp     = {Wed, 28 Jun 2006 15:16:57 +0200},
}

@Proceedings{Butterfield2010a,
  title         = {Unifying Theories of Programming, Second International Symposium, {UTP} 2008, Dublin, Ireland, September 8-10, 2008, Revised Selected Papers},
  year          = {2010},
  editor        = {Andrew Butterfield},
  volume        = {5713},
  series        = {Lecture Notes in Computer Science},
  publisher     = {Springer},
  isbn          = {978-3-642-14520-9},
  __markedentry = {[butrfeld:]},
  bibsource     = {dblp computer science bibliography, http://dblp.org},
  biburl        = {http://dblp.uni-trier.de/rec/bib/conf/utp/2008},
  doi           = {10.1007/978-3-642-14521-6},
  timestamp     = {Fri, 03 Sep 2010 12:45:03 +0200},
  url           = {http://dx.doi.org/10.1007/978-3-642-14521-6},
}

@Proceedings{Qin2010b,
  title         = {Unifying Theories of Programming - Third International Symposium, {UTP} 2010, Shanghai, China, November 15-16, 2010. Proceedings},
  year          = {2010},
  editor        = {Shengchao Qin},
  volume        = {6445},
  series        = {Lecture Notes in Computer Science},
  publisher     = {Springer},
  isbn          = {978-3-642-16689-1},
  __markedentry = {[butrfeld:]},
  bibsource     = {dblp computer science bibliography, http://dblp.org},
  biburl        = {http://dblp.uni-trier.de/rec/bib/conf/utp/2010},
  doi           = {10.1007/978-3-642-16690-7},
  timestamp     = {Sat, 20 Nov 2010 20:39:07 +0100},
  url           = {http://dx.doi.org/10.1007/978-3-642-16690-7},
}

@Proceedings{Wolff2013b,
  title         = {Unifying Theories of Programming, 4th International Symposium, {UTP} 2012, Paris, France, August 27-28, 2012, Revised Selected Papers},
  year          = {2013},
  editor        = {Burkhart Wolff and Marie{-}Claude Gaudel and Abderrahmane Feliachi},
  volume        = {7681},
  series        = {Lecture Notes in Computer Science},
  publisher     = {Springer},
  isbn          = {978-3-642-35704-6},
  __markedentry = {[butrfeld:]},
  bibsource     = {dblp computer science bibliography, http://dblp.org},
  biburl        = {http://dblp.uni-trier.de/rec/bib/conf/utp/2012},
  doi           = {10.1007/978-3-642-35705-3},
  timestamp     = {Wed, 30 Jan 2013 16:05:05 +0100},
  url           = {http://dx.doi.org/10.1007/978-3-642-35705-3},
}

@Proceedings{Naumann2015b,
  title         = {Unifying Theories of Programming - 5th International Symposium, {UTP} 2014, Singapore, May 13, 2014, Revised Selected Papers},
  year          = {2015},
  editor        = {David Naumann},
  volume        = {8963},
  series        = {Lecture Notes in Computer Science},
  publisher     = {Springer},
  isbn          = {978-3-319-14805-2},
  __markedentry = {[butrfeld:]},
  bibsource     = {dblp computer science bibliography, http://dblp.org},
  biburl        = {http://dblp.uni-trier.de/rec/bib/conf/utp/2014},
  doi           = {10.1007/978-3-319-14806-9},
  timestamp     = {Wed, 07 Jan 2015 14:36:19 +0100},
  url           = {http://dx.doi.org/10.1007/978-3-319-14806-9},
}

@Proceedings{Vitek2015,
  title         = {Programming Languages and Systems - 24th European Symposium on Programming, {ESOP} 2015, Held as Part of the European Joint Conferences on Theory and Practice of Software, {ETAPS} 2015, London, UK, April 11-18, 2015. Proceedings},
  year          = {2015},
  editor        = {Jan Vitek},
  volume        = {9032},
  series        = {Lecture Notes in Computer Science},
  publisher     = {Springer},
  isbn          = {978-3-662-46668-1},
  __markedentry = {[butrfeld:]},
  bibsource     = {dblp computer science bibliography, http://dblp.org},
  biburl        = {http://dblp.uni-trier.de/rec/bib/conf/esop/2015},
  doi           = {10.1007/978-3-662-46669-8},
  timestamp     = {Tue, 07 Apr 2015 15:18:50 +0200},
  url           = {http://dx.doi.org/10.1007/978-3-662-46669-8},
}

@InProceedings{DeGiacomo2015,
  author        = {Giuseppe {De Giacomo} and Marlon Dumas and Fabrizio Maria Maggi and Marco Montali},
  title         = {Declarative Process Modeling in {BPMN}},
  booktitle     = {Advanced Information Systems Engineering - 27th International Conference, CAiSE 2015, Stockholm, Sweden, June 8-12, 2015, Proceedings},
  year          = {2015},
  pages         = {84--100},
  __markedentry = {[butrfeld:]},
  bibsource     = {dblp computer science bibliography, http://dblp.org},
  biburl        = {http://dblp.uni-trier.de/rec/bib/conf/caise/GiacomoDMM15},
  doi           = {10.1007/978-3-319-19069-3_6},
  timestamp     = {Wed, 27 May 2015 15:43:41 +0200},
  url           = {http://dx.doi.org/10.1007/978-3-319-19069-3_6},
}

@Proceedings{2007a,
  title         = {11th {IEEE} International Enterprise Distributed Object Computing Conference {(EDOC} 2007), 15-19 October 2007, Annapolis, Maryland, {USA}},
  year          = {2007},
  publisher     = {{IEEE} Computer Society},
  isbn          = {0-7695-2891-0},
  __markedentry = {[butrfeld:]},
  bibsource     = {dblp computer science bibliography, http://dblp.org},
  biburl        = {http://dblp.uni-trier.de/rec/bib/conf/edoc/2007},
  timestamp     = {Thu, 25 Jun 2015 17:37:07 +0200},
  url           = {http://ieeexplore.ieee.org/xpl/mostRecentIssue.jsp?punumber=4383963},
}

@Article{Dijkman2008,
  author        = {Remco M. Dijkman and Marlon Dumas and Chun Ouyang},
  title         = {Semantics and analysis of business process models in {BPMN}},
  journal       = {Information {\&} Software Technology},
  year          = {2008},
  volume        = {50},
  number        = {12},
  pages         = {1281--1294},
  __markedentry = {[butrfeld:]},
  bibsource     = {dblp computer science bibliography, http://dblp.org},
  biburl        = {http://dblp.uni-trier.de/rec/bib/journals/infsof/DijkmanDO08},
  doi           = {10.1016/j.infsof.2008.02.006},
  timestamp     = {Thu, 26 Nov 2009 15:03:43 +0100},
  url           = {http://dx.doi.org/10.1016/j.infsof.2008.02.006},
}

@Article{Zhu2015,
  author        = {Huibiao Zhu and Jifeng He and Shengchao Qin and Phillip J. Brooke},
  title         = {Denotational semantics and its algebraic derivation for an event-driven system-level language},
  journal       = {Formal Asp. Comput},
  year          = {2015},
  volume        = {27},
  number        = {1},
  pages         = {133--166},
  __markedentry = {[butrfeld:]},
  bibdate       = {2015-01-05},
  bibsource     = {DBLP, http://dblp.uni-trier.de/db/journals/fac/fac27.html#ZhuHQB15},
  url           = {http://dx.doi.org/10.1007/s00165-014-0309-8},
}

@InProceedings{Woodcock2002b,
  author        = {Jim Woodcock and Arthur P. Hughes},
  title         = {Unifying Theories of Parallel Programming},
  booktitle     = {Formal Methods and Software Engineering, 4th International Conference on Formal Engineering Methods, {ICFEM} 2002 Shanghai, China, October 21-25, 2002, Proceedings},
  year          = {2002},
  editor        = {Chris George and Huaikou Miao},
  volume        = {2495},
  series        = {Lecture Notes in Computer Science},
  pages         = {24--37},
  publisher     = {Springer},
  __markedentry = {[butrfeld:6]},
  bibsource     = {dblp computer science bibliography, http://dblp.org},
  biburl        = {http://dblp.uni-trier.de/rec/bib/conf/icfem/WoodcockH02},
  doi           = {10.1007/3-540-36103-0_5},
  timestamp     = {Mon, 04 Jul 2011 09:36:40 +0200},
  url           = {http://dx.doi.org/10.1007/3-540-36103-0_5},
}

@Article{Dijkstra1975,
  author        = {Dijkstra, Edsger W.},
  title         = {{Guarded Commands, Nondeterminacy and Formal Derivation of Programs}},
  journal       = {Commun. ACM},
  year          = {1975},
  volume        = {18},
  pages         = {453--457},
  month         = {August},
  issn          = {0001-0782},
  __markedentry = {[butrfeld:6]},
  acmid         = {360975},
  address       = {New York, NY, USA},
  doi           = {http://doi.acm.org/10.1145/360933.360975},
  issue         = {8},
  keywords      = {case-construction, correctness proof, derivation of programs, nondeterminancy, program semantics, programming language semantics, programming languages, programming methodology, repetition, sequencing primitives, termination},
  numpages      = {5},
  publisher     = {ACM},
  url           = {http://doi.acm.org/10.1145/360933.360975},
}

@Book{Morgan1994,
  title         = {{Programming From Specifications, 2nd Edition}},
  publisher     = {Prentice Hall},
  year          = {1994},
  author        = {Carroll C. Morgan},
  series        = {Prentice Hall International series in computer science},
  isbn          = {978-0-13-123274-7},
  __markedentry = {[butrfeld:6]},
  bibsource     = {DBLP, http://dblp.uni-trier.de},
  pages         = {I-XV, 1-332},
}

@Book{Hoare1998b,
  title         = {Unifying Theories of Programming},
  publisher     = {Prentice-Hall International},
  year          = {1998},
  author        = {C. A. R. Hoare and Jifeng He},
  address       = {Englewood Cliffs, NJ},
  __markedentry = {[butrfeld:6]},
}

@Article{Brookes1996b,
  author        = {Stephen D. Brookes},
  title         = {Full Abstraction for a Shared-Variable Parallel Language},
  journal       = {Inf. Comput.},
  year          = {1996},
  volume        = {127},
  number        = {2},
  pages         = {145--163},
  __markedentry = {[butrfeld:6]},
  bdsk-url-1    = {http://dx.doi.org/10.1006/inco.1996.0056},
  bibsource     = {dblp computer science bibliography, http://dblp.org},
  biburl        = {http://dblp.uni-trier.de/rec/bib/journals/iandc/Brookes96},
  doi           = {10.1006/inco.1996.0056},
  timestamp     = {Wed, 06 Jul 2011 21:24:06 +0200},
  url           = {http://dx.doi.org/10.1006/inco.1996.0056},
}

@Proceedings{Brookes1985b,
  title         = {Seminar on Concurrency, Carnegie-Mellon University, Pittsburg, PA, USA, July 9-11, 1984},
  year          = {1985},
  editor        = {Stephen D. Brookes and A. W. Roscoe and Glynn Winskel},
  volume        = {197},
  series        = {Lecture Notes in Computer Science},
  publisher     = {Springer},
  isbn          = {3-540-15670-4},
  __markedentry = {[butrfeld:6]},
  bibsource     = {dblp computer science bibliography, http://dblp.org},
  biburl        = {http://dblp.uni-trier.de/rec/bib/conf/concur/1984},
  timestamp     = {Mon, 19 Aug 2002 11:16:32 +0200},
}

@Proceedings{1993b,
  title         = {Proceedings of the Eighth Annual Symposium on Logic in Computer Science {(LICS} '93), Montreal, Canada, June 19-23, 1993},
  year          = {1993},
  publisher     = {{IEEE} Computer Society},
  isbn          = {0-8186-3140-6},
  __markedentry = {[butrfeld:6]},
  bdsk-url-1    = {http://ieeexplore.ieee.org/xpl/mostRecentIssue.jsp?punumber=899},
  bibsource     = {dblp computer science bibliography, http://dblp.org},
  biburl        = {http://dblp.uni-trier.de/rec/bib/conf/lics/1993},
  timestamp     = {Fri, 21 Nov 2014 14:08:56 +0100},
  url           = {http://ieeexplore.ieee.org/xpl/mostRecentIssue.jsp?punumber=899},
}

@Proceedings{Baeten1991b,
  title         = {{CONCUR} '91, 2nd International Conference on Concurrency Theory, Amsterdam, The Netherlands, August 26-29, 1991, Proceedings},
  year          = {1991},
  editor        = {Jos C. M. Baeten and Jan Friso Groote},
  volume        = {527},
  series        = {Lecture Notes in Computer Science},
  publisher     = {Springer},
  isbn          = {3-540-54430-5},
  __markedentry = {[butrfeld:6]},
  bibsource     = {dblp computer science bibliography, http://dblp.org},
  biburl        = {http://dblp.uni-trier.de/rec/bib/conf/concur/1991},
  timestamp     = {Mon, 21 Oct 2002 14:48:59 +0200},
}

@InProceedings{Woodcock2002,
  author     = {Jim Woodcock and Arthur P. Hughes},
  title      = {Unifying Theories of Parallel Programming},
  booktitle  = {Formal Methods and Software Engineering, 4th International Conference on Formal Engineering Methods, {ICFEM} 2002 Shanghai, China, October 21-25, 2002, Proceedings},
  year       = {2002},
  editor     = {Chris George and Huaikou Miao},
  volume     = {2495},
  series     = {Lecture Notes in Computer Science},
  pages      = {24--37},
  publisher  = {Springer},
  bdsk-url-1 = {http://dx.doi.org/10.1007/3-540-36103-0_5},
  bibsource  = {dblp computer science bibliography, http://dblp.org},
  biburl     = {http://dblp.uni-trier.de/rec/bib/conf/icfem/WoodcockH02},
  doi        = {10.1007/3-540-36103-0_5},
  timestamp  = {Mon, 04 Jul 2011 09:36:40 +0200},
  url        = {http://dx.doi.org/10.1007/3-540-36103-0_5},
}

@Article{Atkinson2007,
  author     = {Darren C. Atkinson and Daniel C. Weeks and John Noll},
  title      = {Tool support for iterative software process modeling},
  journal    = {Information {\&} Software Technology},
  year       = {2007},
  volume     = {49},
  number     = {5},
  pages      = {493--514},
  bdsk-url-1 = {http://dx.doi.org/10.1016/j.infsof.2006.07.006},
  bibsource  = {dblp computer science bibliography, http://dblp.org},
  biburl     = {http://dblp.uni-trier.de/rec/bib/journals/infsof/AtkinsonWN07},
  doi        = {10.1016/j.infsof.2006.07.006},
  timestamp  = {Mon, 14 May 2007 09:10:05 +0200},
  url        = {http://dx.doi.org/10.1016/j.infsof.2006.07.006},
}

@Unpublished{McBride2001,
  author     = {Conor McBride},
  title      = {The Derivative of a Regular Type Is Its Type of One-Hole Contexts},
  note       = {Unpublished manuscript},
  month      = jan,
  year       = {2001},
  bdsk-url-1 = {http://www.dur.ac.uk/c.t.mcbride/diff.ps},
  url        = {http://www.dur.ac.uk/c.t.mcbride/diff.ps},
}

@Article{McBride2008,
  author     = {Conor McBride},
  title      = {Clowns to the left of me, jokers to the right (pearl): dissecting data structures},
  journal    = {ACM SIG{\-}PLAN Notices},
  year       = {2008},
  volume     = {43},
  number     = {1},
  pages      = {287--295},
  month      = jan,
  issn       = {0362-1340 (print), 1523-2867 (print), 1558-1160
		 (electronic)},
  bdsk-url-1 = {http://doi.acm.org/10.1145/1328438.1328474},
  coden      = {SINODQ},
  doi        = {http://doi.acm.org/10.1145/1328438.1328474},
  doi-url    = {http://dx.doi.org/10.1145/1328438.1328474},
  issn-l     = {0362-1340},
}

@Article{Huet1997,
  author  = {G{\'e}rard Huet},
  title   = {The {Zipper}},
  journal = {Journal of Functional Programming},
  year    = {1997},
  volume  = {7},
  number  = {5},
  pages   = {549--554},
  month   = sep,
  note    = {Functional Pearl},
}

@InProceedings{Dinsdale-Young2013,
  author    = {Thomas Dinsdale-Young and Lars Birkedal and Philippa Gardner and Matthew J. Parkinson and Hongseok Yang},
  title     = {Views: compositional reasoning for concurrent programs},
  booktitle = {The 40th Annual {ACM} {SIGPLAN}-{SIGACT} Symposium on Principles of Programming Languages, {POPL} '13, Rome, Italy - January 23 - 25, 2013},
  year      = {2013},
  editor    = {Roberto Giacobazzi and Radhia Cousot},
  pages     = {287--300},
  publisher = {ACM},
  isbn      = {978-1-4503-1832-7},
}

@Proceedings{Naumann2015,
  title     = {Unifying Theories of Programming - 5th International Symposium, {UTP} 2014, Singapore, May 13, 2014, Revised Selected Papers},
  year      = {2015},
  editor    = {David Naumann},
  volume    = {8963},
  series    = {Lecture Notes in Computer Science},
  publisher = {Springer},
  isbn      = {978-3-319-14805-2},
  bibsource = {dblp computer science bibliography, http://dblp.org},
  biburl    = {http://dblp.uni-trier.de/rec/bib/conf/utp/2014},
  doi       = {10.1007/978-3-319-14806-9},
  timestamp = {Wed, 07 Jan 2015 14:36:19 +0100},
  url       = {http://dx.doi.org/10.1007/978-3-319-14806-9},
}

@Proceedings{Wolff2013,
  title     = {Unifying Theories of Programming, 4th International Symposium, {UTP} 2012, Paris, France, August 27-28, 2012, Revised Selected Papers},
  year      = {2013},
  editor    = {Burkhart Wolff and Marie{-}Claude Gaudel and Abderrahmane Feliachi},
  volume    = {7681},
  series    = {Lecture Notes in Computer Science},
  publisher = {Springer},
  isbn      = {978-3-642-35704-6},
  bibsource = {dblp computer science bibliography, http://dblp.org},
  biburl    = {http://dblp.uni-trier.de/rec/bib/conf/utp/2012},
  doi       = {10.1007/978-3-642-35705-3},
  timestamp = {Wed, 30 Jan 2013 16:05:05 +0100},
  url       = {http://dx.doi.org/10.1007/978-3-642-35705-3},
}

@Proceedings{Qin2010,
  title     = {Unifying Theories of Programming - Third International Symposium, {UTP} 2010, Shanghai, China, November 15-16, 2010. Proceedings},
  year      = {2010},
  editor    = {Shengchao Qin},
  volume    = {6445},
  series    = {Lecture Notes in Computer Science},
  publisher = {Springer},
  isbn      = {978-3-642-16689-1},
  bibsource = {dblp computer science bibliography, http://dblp.org},
  biburl    = {http://dblp.uni-trier.de/rec/bib/conf/utp/2010},
  doi       = {10.1007/978-3-642-16690-7},
  timestamp = {Sat, 20 Nov 2010 20:39:07 +0100},
  url       = {http://dx.doi.org/10.1007/978-3-642-16690-7},
}

@InCollection{Wadler2003,
  author    = {Philip Wadler},
  title     = {A prettier printer},
  booktitle = {The Fun of Programming (Cornerstones of Computing)},
  publisher = {Palgrave - Macmillan},
  year      = {2003},
  editor    = {J. Gibbons and O. de Moor},
  series    = {Cornerstones of Computing},
  chapter   = {11},
  pages     = {223-244},
  address   = {Basingstoke / New York},
  month     = mar,
}

@Book{Hoare1998,
  title     = {Unifying Theories of Programming},
  publisher = {Prentice-Hall},
  year      = {1998},
  author    = {C. A. R. Hoare and Jifeng He},
  address   = {Englewood Cliffs, NJ},
  file      = {:C\:\\Documents and Settings\\butrfeld\\My Documents\\Library\\Books\\UTP\\contents+preface.pdf:PDF},
  owner     = {butrfeld},
  timestamp = {2008.04.25},
}

@Article{Brookes1996,
  author     = {Stephen D. Brookes},
  title      = {Full Abstraction for a Shared-Variable Parallel Language},
  journal    = {Inf. Comput.},
  year       = {1996},
  volume     = {127},
  number     = {2},
  pages      = {145--163},
  bdsk-url-1 = {http://dx.doi.org/10.1006/inco.1996.0056},
  bibsource  = {dblp computer science bibliography, http://dblp.org},
  biburl     = {http://dblp.uni-trier.de/rec/bib/journals/iandc/Brookes96},
  doi        = {10.1006/inco.1996.0056},
  timestamp  = {Wed, 06 Jul 2011 21:24:06 +0200},
  url        = {http://dx.doi.org/10.1006/inco.1996.0056},
}

@Proceedings{Brookes1985,
  title     = {Seminar on Concurrency, Carnegie-Mellon University, Pittsburg, PA, USA, July 9-11, 1984},
  year      = {1985},
  editor    = {Stephen D. Brookes and A. W. Roscoe and Glynn Winskel},
  volume    = {197},
  series    = {Lecture Notes in Computer Science},
  publisher = {Springer},
  isbn      = {3-540-15670-4},
  bibsource = {dblp computer science bibliography, http://dblp.org},
  biburl    = {http://dblp.uni-trier.de/rec/bib/conf/concur/1984},
  timestamp = {Mon, 19 Aug 2002 11:16:32 +0200},
}

@Proceedings{1993,
  title      = {Proceedings of the Eighth Annual Symposium on Logic in Computer Science {(LICS} '93), Montreal, Canada, June 19-23, 1993},
  year       = {1993},
  publisher  = {{IEEE} Computer Society},
  isbn       = {0-8186-3140-6},
  bdsk-url-1 = {http://ieeexplore.ieee.org/xpl/mostRecentIssue.jsp?punumber=899},
  bibsource  = {dblp computer science bibliography, http://dblp.org},
  biburl     = {http://dblp.uni-trier.de/rec/bib/conf/lics/1993},
  timestamp  = {Fri, 21 Nov 2014 14:08:56 +0100},
  url        = {http://ieeexplore.ieee.org/xpl/mostRecentIssue.jsp?punumber=899},
}

@Proceedings{Baeten1991,
  title     = {{CONCUR} '91, 2nd International Conference on Concurrency Theory, Amsterdam, The Netherlands, August 26-29, 1991, Proceedings},
  year      = {1991},
  editor    = {Jos C. M. Baeten and Jan Friso Groote},
  volume    = {527},
  series    = {Lecture Notes in Computer Science},
  publisher = {Springer},
  isbn      = {3-540-54430-5},
  bibsource = {dblp computer science bibliography, http://dblp.org},
  biburl    = {http://dblp.uni-trier.de/rec/bib/conf/concur/1991},
  timestamp = {Mon, 21 Oct 2002 14:48:59 +0200},
}

@InProceedings{Back1983,
  author    = {R. J. R. Back and R. Kurki-Suonio},
  title     = {Decentralization of Process Nets with Centralized Control},
  booktitle = {Proceedings of the Second Annual {ACM} {SIGACT}-{SIGOPS} Symposium on Principles of Distributed Computing},
  year      = {1983},
  pages     = {131--142},
  address   = {Montreal, Quebec, Canada},
  month     = {17--19~} # aug,
}

@Book{Dijkstra1976,
  title     = {A Discipline of Programming},
  publisher = {Prentice-Hall},
  year      = {1976},
  author    = {Edsger W. Dijkstra},
  series    = {Series in Automatic Computation},
  address   = {Englewood Cliffs , NJ , USA},
}

@Proceedings{Zdravkovic2015,
  title     = {Advanced Information Systems Engineering - 27th International Conference, CAiSE 2015, Stockholm, Sweden, June 8-12, 2015, Proceedings},
  year      = {2015},
  editor    = {Jelena Zdravkovic and Marite Kirikova and Paul Johannesson},
  volume    = {9097},
  series    = {Lecture Notes in Computer Science},
  publisher = {Springer},
  isbn      = {978-3-319-19068-6},
  bibsource = {dblp computer science bibliography, http://dblp.org},
  biburl    = {http://dblp.uni-trier.de/rec/bib/conf/caise/2015},
  doi       = {10.1007/978-3-319-19069-3},
  timestamp = {Wed, 27 May 2015 15:40:31 +0200},
  url       = {http://dx.doi.org/10.1007/978-3-319-19069-3},
}

@Comment{jabref-meta: databaseType:bibtex;}
